2656 4716
584 646 718 736 Ournr
742 651 856 735 VIII.

234 842 280 902 lix
307 843 359 913 eis,
389 856 463 915 quse
484 855 572 916 snpra
604 844 808 919 congessimus,
842 847 965 916 spparet
997 833 1201 915 ,Lygdamum‘
1235 854 1293 899 non

149 939 256 1016 ubique
276 942 426 1002 serviliter
440 942 535 1001 aliena
556 941 700 1002 imitatum
715 960 777 1004 esse
794 944 922 1019 ingenia,
944 942 996 1001 sed
1009 955 1145 1014 magnam
1159 938 1293 1028 dictionis

149 1044 264 1116 copiam
289 1043 382 1114 ipsum
410 1057 532 1100 novasse
562 1048 591 1102 et
617 1043 688 1101 licet
716 1060 775 1103 uon
803 1043 901 1103 omnia
921 1056 1012 1114 seque
1034 1039 1107 1099 bene
1128 1037 1294 1112 excogitate

149 1140 216 1213 sint,
242 1141 305 1199 veri
330 1145 435 1215 poetae
462 1141 609 1216 ingenium
631 1144 661 1201 iu
683 1159 718 1202 eo
738 1142 874 1215 infuisse;
907 1139 1024 1200 eosdem
1051 1154 1118 1196 enm
1137 1136 1292 1197 absolvisse
1318 1132 1325 1207 ’,

150 1239 320 1300 eruditionis
344 1239 569 1315 disciplinaeque
600 1242 707 1317 gradus
735 1257 806 1314 qnos
839 1237 981 1311 Ovidium,
1009 1238 1126 1297 eosdem
1147 1252 1215 1296 enm
1234 1241 1295 1296 stn-

150 1337 229 1398 diose
260 1340 365 1414 legisse
396 1345 497 1413 poetas
529 1339 691 1418 (Catullum
722 1341 883 1415 Vergilium
913 1337 1070 1410 Tibullum)
1103 1352 1294 1410 megnamqne

149 1438 228 1497 inter
248 1444 401 1513 utrumque
421 1445 452 1499 et
472 1441 680 1500 sententiarum
702 1444 732 1498 et
745 1441 886 1499 orationis
908 1439 1041 1513 poeticae
1056 1451 1120 1497 esse
1134 1437 1294 1497 communi·

148 1542 240 1597 tetem
265 1554 300 1596 ac
326 1539 375 1597 vix
402 1539 491 1598 ullum
513 1555 580 1598 usus
601 1538 737 1611 loquendi
758 1538 914 1597 discrimen
934 1538 1011 1598 inter
1031 1552 1082 1596 eos
1104 1535 1294 1595 intercedere

148 1637 254 1710 Itaque
281 1637 413 1697 Ovidium
441 1639 563 1698 eundem
590 1653 653 1697 esse
685 1641 773 1710 etque
800 1636 981 1712 Lygdamum
1013 1637 1201 1710 suspicemur.
1257 1634 1295 1695 At

151 1738 268 1797 ubinam
289 1739 434 1798 invenitur
454 1738 533 1798 celer
553 1739 602 1798 ille
622 1736 776 1810 rhythmus
797 1752 933 1796 versuum
952 1734 1169 1808 Ovidiunorum,
1192 1734 1294 1808 quibus

152 1836 329 1895 audientium
359 1851 445 1897 aures
473 1834 675 1897 delectantur?
707 1835 757 1895 nbi
785 1837 836 1895 illa
864 1834 1050 1896 formularum
1082 1835 1296 1896 rhetoricarum

151 1934 276 2004 ubertas,
310 1935 412 2007 quibus
439 1936 553 2009 relique
581 1934 675 1995 Ovidii
703 1935 832 1994 carmine
860 1933 1033 1994 abundant?
1069 1934 1120 1994 ubi
1150 1922 1297 2009 elegantia
1327 1954 1328 1961 ¹

153 2033 202 2093 illa
233 2039 263 2092 et
288 2033 421 2106 facilitas,
455 2034 532 2109 qnod
563 2052 663 2094 uerum
685 2026 778 2094 Ouidii
807 2035 952 2093 numerosi
979 2033 1189 2105 patrimonium
1209 2031 1295 2095 fuiss
1323 2043 1328 2067 l

152 2132 287 2192 videtur?
329 2135 433 2205 Audio,
467 2135 518 2194 sed
549 2135 620 2194 haee
649 2149 760 2193 mecum
787 2138 916 2206 reputes:
961 2133 1045 2205 Quod
1074 2134 1231 2207 unicuique
1262 2072 1328 2239 “I

153 2233 247 2305 poetis
267 2233 401 2292 accidere
423 2234 507 2305 solet,
530 2236 571 2306 ot,
586 2233 722 2307 ›quamvis
743 2240 848 2293 nature
869 2234 933 2305 ipsa
952 2233 1130 2293 adoarmina
1145 2231 1294 2293 condendo
1317 2242 1328 2340 j

153 2337 240 2390 natus
255 2348 318 2392 esse
333 2333 473 2406 videatur,
498 2348 557 2391 non
578 2335 676 2392 statim
690 2331 796 2392 bonam
810 2330 924 2406 frugem
944 2331 1018 2392 ferat
1032 2348 1125 2404 usqne
1140 2332 1198 2390 nisi
1215 2346 1291 2391 exer·

154 2430 244 2490 cendo
267 2435 297 2489 et
319 2430 484 2491 meditando
497 2431 707 2505 pulcherrimos
721 2433 830 2507 ingenii
852 2435 939 2505 atque
960 2431 1065 2490 indolis
1079 2429 1168 2491 flores
1191 2432 1310 2506 mittet,

151 2530 182 2589 id
204 2529 305 2590 Ouidio
325 2547 440 2604 quoqne
461 2530 576 2590 videtur
597 2531 745 2591 eccidisse.
789 2529 877 2590 Onins
897 2538 931 2591 nt
950 2532 1045 2604 prima
1065 2530 1189 2604 puerilis
1211 2529 1291 2590 studii

152 2631 309 2702 specimina
335 2646 372 2689 ex
399 2629 540 2690 oblivione
569 2635 599 2690 et
618 2632 740 2690 interitu
769 2631 848 2690 salva
876 2630 1041 2703 evaderent,
1075 2647 1141 2689 enm
1173 2630 1291 2706 benignu

151 2729 316 2802 permiserit
329 2728 467 2800 Fortuna,
490 2730 590 2788 statim
611 2731 641 2787 in
663 2724 698 2789 eo
711 2735 832 2802 peccant
851 2731 908 2789 viri
919 2730 1007 2800 docti,
1030 2730 1106 2802 quod
1119 2731 1205 2789 irrite
1220 2744 1291 2789 oom-

154 2827 278 2900 parandi
296 2828 411 2887 ratione
432 2829 477 2887 usi
497 2828 549 2887 illa
571 2830 698 2888 earmina
727 2844 791 2889 oum
812 2830 848 2887 iis
871 2836 1046 2902 comparant,
1079 2844 1154 2902 qnae
1175 2829 1292 2888 maxime
1321 2835 1325 2863 l

152 2927 252 2987 limata
275 2932 305 2985 et
326 2927 441 2987 adultae
463 2926 666 3001 perfectaeque
687 2929 759 2987 artis
782 2925 907 2989 artificia
928 2945 990 2989 esse
1011 2929 1088 2988 inter
1109 2943 1209 2989 omnes
1231 2944 1291 2988 cou-

153 3030 222 3099 stat,
244 3042 307 3085 enm
327 3025 485 3087 Amoribns
508 3032 538 3086 et
559 3043 626 3086 oum
646 3030 720 3087 Arte
741 3029 892 3088 amatoria.
935 3028 1026 3100 Quam
1047 3027 1121 3087 falsa
1133 3027 1208 3087 haec
1221 3027 1292 3085 ratio

153 3224 230 3299 dem,
261 3241 382 3299 quarum
411 3227 566 3286 maximam
586 3232 700 3303 partem
728 3229 822 3298 prima
851 3228 997 3287 iuventute
1019 3227 1212 3299 compositam
1234 3238 1293 3284 esso
1321 3211 1328 3329 Ἰ

150 3325 263 3398 pnto¹),
296 3326 349 3385 has
378 3326 487 3400 elegias
509 3341 678 3398 comparare
699 3327 776 3391 lieet,
799 3342 864 3385 cnm
886 3327 951 3386 illas
972 3325 1079 3401 publici
1101 3326 1173 3383 iuris
1195 3327 1293 3383 auctor
1321 3331 1328 3421 j

151 3422 254 3483 fecerit
282 3424 439 3500 dignasque
470 3426 624 3496 putaverit,
658 3441 731 3498 qnae
759 3426 921 3499 ederentur,
954 3426 1005 3484 sed
1025 3424 1094 3485 libri
1116 3414 1290 3496 ,Tibulliani‘
1326 3430 1328 3450 ¹

153 3523 232 3583 tertii
254 3524 412 3583 carminum
434 3525 518 3596 quasi
531 3524 656 3583 ineuntis
668 3523 878 3584 adulescentiae
892 3532 1054 3585 erratorum
1068 3539 1162 3598 paene
1177 3534 1292 3596 prorsus

222 3780 242 3848 ¹)
263 3783 316 3833 Cir.
334 3789 424 3833 tamen
443 3797 511 3846 quae
529 3783 637 3850 scripsit
656 3784 688 3834 Δ.
706 3784 797 3834 Riese:
833 3782 887 3851 ,ioh
913 3781 1020 3848 spreohe
1048 3781 1107 3833 hier
1131 3778 1294 3833 eiuetweilen
1327 3756 1328 3768 ἵ

151 3884 202 3918 nur
220 3868 286 3918 lrnru
304 3869 348 3918 die
366 3875 528 3934 vermntnng
547 3884 604 3933 aus,
633 3868 693 3920 dass
712 3868 799 3936 einige
824 3867 871 3918 der
889 3867 1019 3918 heroiden
1040 3882 1086 3918 ans
1106 3861 1192 3918 Ovids
1210 3869 1294 3934 poter

151 3953 202 4004 neit
228 3958 357 4003 stammen
387 3952 537 4020 (vielleicht
560 3956 635 4005 einer
659 3955 771 4005 aweiten
789 3954 907 4020 ausgebe
926 3955 1067 4020 beigefttgt
1086 3951 1215 4020 worden),
1243 3947 1296 4001 und

152 4039 212 4090 dass
231 4039 290 4090 sich
309 4040 354 4089 bei
372 4039 458 4091 dieser
475 4040 605 4092 annahme
625 4041 693 4092 alles
712 4039 851 4106 erledigen
869 4039 945 4103 wind,
972 4056 1026 4091 was
1045 4040 1117 4090 niele
1136 4053 1171 4090 an
1188 4035 1297 4089 uneobt·

151 4125 206 4176 hsit
224 4124 362 4176 darselben
380 4123 497 4192 glauben
513 4126 586 4178 liess‘
606 4124 714 4193 (dunel.
733 4125 825 4191 philol.
846 4129 913 4176 1874
930 4143 957 4192 p.
976 4125 1047 4191 669).
