2580 4734
79 38 107 221 s

534 183 680 271 L

79 420 99 471 ,2
118 383 201 443 Haeo
222 383 373 456 hactenns,
398 383 434 441 de
456 385 557 442 ceteris
579 384 674 457 adeas,
697 398 770 456 qnae
790 380 866 441 infra
880 384 909 441 in
924 384 1018 456 capite
1039 399 1115 443 nono
1138 385 1174 443 de

79 484 101 565 gl
120 485 206 544 tertii
228 485 323 544 colore
344 484 491 543 rhetorico
511 483 680 558 poeticaque
701 483 826 542 dictione
852 482 1012 558 disputabo.

119 583 179 644 Sed
202 585 355 644 maximam
376 584 432 642 vim
453 584 491 642 ad
511 589 639 643 nostram
654 575 849 655 quaestionem
866 589 945 642 recte
960 583 1173 656 disceptandam

79 686 135 747 sua
162 685 207 743 illi
236 685 267 742 in
296 683 389 742 Ovidii
417 680 589 742 carminibus
616 683 733 756 repetiti
761 681 868 741 babei‘e
895 683 1036 743 videntur.
1080 681 1171 754 Quem

79 802 125 865 pre
154 784 344 844 ludibundum
356 782 377 854 ¹)
405 799 501 842 versus
529 783 601 842 adeo
633 781 717 841 facile
747 783 938 855 composuisse
967 783 1045 855 apud
1075 798 1174 841 omnes

79 891 161 956 etat,
183 891 216 943 ut
236 901 261 943 a.
274 884 389 943 nemine
413 899 548 956 nmquam
573 889 766 954 superaretur.
809 881 884 954 Quid
912 884 1024 954 mirum,
1047 880 1123 954 quod
1143 881 1174 939 in

79 984 212 1053 minibus
231 983 382 1042 celerrime
403 982 518 1055 scriptis
539 996 595 1040 non
617 997 685 1040 raro
707 980 824 1041 eaedem
846 984 1005 1042 sententiae
1030 983 1072 1042 ita
1092 998 1173 1055 repe·

79 1088 146 1156 tur,
169 1088 203 1141 nt
224 1083 337 1156 saepius
359 1083 506 1140 varientur
534 1082 705 1155 singularius
734 1081 829 1139 colore
856 1081 1031 1141 induantur?
1073 1080 1174 1152 Neque

79 1198 126 1240 mr
150 1183 304 1255 quidquam
326 1180 455 1254 impedit,
482 1181 548 1254 quin
571 1181 709 1251 Ovidium,
731 1181 778 1253 qni
798 1181 964 1253 saepissime
987 1197 1053 1243 snos
1074 1196 1172 1240 versus

79 1299 143 1341 rum
171 1282 203 1340 in
233 1296 313 1339 usum
340 1281 485 1339 vocaverit
514 1278 561 1350 (of.
583 1281 618 1339 A.
640 1283 675 1338 A.
697 1279 719 1351 I,
742 1280 801 1338 332
823 1303 865 1330 =
889 1281 955 1339 Am.
977 1281 1027 1350 III,
1054 1285 1099 1353 12,
1125 1285 1174 1339 22.

79 1386 121 1439 st.
154 1379 206 1451 lV,
238 1383 285 1453 10,
315 1381 332 1436 7
361 1393 403 1451 sq.
425 1400 468 1427 =
489 1381 552 1436 Am.
581 1378 632 1449 ΙΠ,
664 1381 710 1450 15,
742 1380 759 1436 5
788 1396 830 1452 sq.
883 1382 968 1439 Trist.
997 1381 1046 1454 IV,
1078 1385 1124 1453 10,
1157 1382 1173 1441 1'

96 1480 192 1538 Trist.
213 1479 265 1548 Ill,
288 1481 314 1550 3,
336 1480 374 1536 73
398 1481 427 1536 et
448 1476 512 1536 Am.
533 1477 585 1550 HI,
611 1479 658 1548 15,
684 1481 709 1535 l.
753 1477 837 1537 Trist.
859 1478 910 1545 Ill,
934 1481 961 1547 3,
985 1482 1023 1537 74
1047 1503 1090 1530 =
1111 1483 1174 1540 Am.

95 1584 125 1653 1,
151 1573 207 1654 2.),
233 1577 383 1652 imaginem
405 1576 564 1650 pulchram,
587 1594 670 1650 quam
692 1577 818 1637 versibus
839 1578 891 1647 111,
915 1580 943 1652 5,
969 1583 1005 1640 19
1026 1587 1056 1642 et
1078 1584 1133 1641 20:

205 1704 289 1783 Quid
298 1704 465 1790 frondere
487 1707 574 1769 iubat
595 1707 684 1768 uitem
706 1705 907 1769 crescentibus
928 1709 998 1770 ocis

256 1817 282 1867 et
302 1811 391 1869 modo
412 1817 489 1868 nata
510 1805 595 1868 male
617 1806 726 1868 vellere
744 1826 839 1888 poma
859 1808 979 1871 manu?

79 1963 104 2005 m
126 1946 201 2006 bene
223 1950 388 2019 persecutns
409 1947 454 2019 sit,
476 1946 635 2020 posteriore
656 1942 824 2022 tempore²l
847 1951 878 2006 in
899 1950 962 2006 Am.
984 1948 1033 2007 lib.
1055 1950 1083 2007 ll
1098 1967 1122 2008 c.
1140 1954 1176 2007 14

87 2049 130 2104 23
154 2051 184 2105 et
205 2048 259 2104 24:

209 2173 287 2257 quid
304 2174 432 2259 plectant
445 2173 591 2258 frondes
613 2176 702 2238 nitent
724 2175 925 2239 crescentibus
946 2177 1016 2240 uois

278 2296 426 2360 pomaque
448 2274 573 2340 erudeli
594 2275 678 2339 vellis
700 2277 811 2340 acerbo
832 2276 950 2340 mone?

79 2416 140 2473 ucis
162 2414 280 2472 mutatis
301 2415 449 2486 repetiisse
470 2420 499 2474 et
520 2415 638 2473 adrem
669 2414 818 2472 obscenam
841 2417 1003 2486 petulanter
1025 2415 1179 2473 detorsisse

79 2518 183 2572 temus.
207 2526 212 2533 ·
230 2513 406 2585 Quamquam
429 2513 536 2584 doleas,
559 2514 631 2586 quod
654 2518 713 2570 tam
735 2512 811 2571 belle
832 2513 913 2571 fictos
928 2530 1026 2572 versus
1041 2513 1078 2572 ad
1093 2513 1178 2571 abor·

79 2629 150 2670 »nem
169 2612 330 2671 transtulit.
372 2612 431 2672 Iam
454 2631 517 2672 cum
539 2613 658 2684 epistola
679 2615 778 2687 quinta
798 2629 887 2687 parvo
908 2614 1063 2671 amicorum
1085 2614 1178 2672 coetui

79 2729 144 2786 que,
174 2717 208 2770 nt
236 2711 364 2783 prodiret
394 2714 423 2771 in
450 2713 602 2786 publicum,
634 2714 741 2785 scripta
769 2719 851 2786 esset,
875 2714 941 2786 quid
971 2715 1074 2772 mirum
1104 2712 1179 2785 quod

79 2819 128 2870 eta
161 2812 311 2871 occasione
343 2813 412 2871 data
440 2814 492 2871 hos
520 2830 619 2872 versus
647 2819 706 2872 tem
741 2813 918 2874 memorabili
944 2814 1029 2872 modo
1058 2815 1180 2872 inseruit

79 2909 203 2968 neribus
222 2909 302 2970 suis?
334 2910 395 2972 Nec
418 2929 507 2990 secus,
530 2930 592 2972 eum
614 2913 752 2972 scriberet
772 2913 873 2971 Artem
895 2915 1073 2983 amatoriam,
1095 2912 1181 2970 rediit

97 3010 223 3068 animum
242 3017 346 3084 poetae
367 3028 394 3070 v.
419 3015 465 3084 16,
490 3013 643 3086 eodemque
666 3013 749 3070 modo
770 3014 799 3070 in
822 3012 870 3070 illo
886 3012 1179 3082 Tristiumcarmine,

79 3127 100 3168 ‚o
133 3110 219 3169 vitam
246 3128 326 3171 suam
354 3109 555 3186 fortunamque
583 3114 728 3171 uberrime
757 3112 913 3184 descripsit,
943 3127 1027 3170 versu
1047 3109 1124 3170 facili
1146 3127 1180 3172 ac

79 3216 138 3269 ceto

284 3336 353 3377 cem
376 3313 487 3378 cecidit
500 3314 574 3399 fato
597 3313 702 3377 conssul
723 3327 848 3399 uterque
865 3315 941 3397 porc'

79 3465 150 3508 erum
172 3434 316 3511 videbitur
339 3469 407 3512 usus
429 3469 499 3512 esse.

129 3551 192 3623 Quo
219 3554 248 3610 in
269 3553 334 3613 loco
357 3559 491 3629 aegrotus
518 3553 605 3613 fuerit
626 3552 751 3624 Ovidius,
774 3570 838 3612 cum
859 3555 996 3612 audacter
1017 3551 1182 3612 coniciendo

79 3654 157 3726 tseqni
178 3655 327 3726 possimus,
353 3657 402 3727 qui
428 3654 535 3714 fuerint
557 3656 650 3723 amici,
674 3653 710 3712 ad
736 3670 803 3725 quos
826 3655 946 3725 elegiam
966 3653 1010 3713 vel
1033 3652 1181 3725 epistolam

79 3753 168 3827 ederit,
199 3771 235 3813 ex
260 3755 386 3814 carmine
416 3755 479 3827 ipso
500 3753 670 3813 concludere
692 3754 772 3813 nobis
793 3756 870 3814 licet.
914 3753 977 3812 Hac
997 3755 1027 3810 in
1049 3769 1082 3811 re
1103 3757 1183 3810 recte

133 4006 154 4073 ¹)
174 4008 215 4059 Of.
236 4007 285 4059 Or.
304 4007 380 4057 Trist.
399 4008 445 4069 IV,
466 4010 507 4071 10,
527 4009 622 4057 25·2b.

133 4091 154 4162 ²)
173 4095 241 4145 Nam
265 4092 377 4160 elegiam
404 4095 524 4159 quintam
550 4108 632 4142 unum
655 4108 688 4144 ex
712 4092 802 4146 Ouidii
820 4092 1003 4144 vetustissimis
1030 4106 1095 4156 esse,
1118 4105 1184 4155 quas

79 4183 166 4248 migne
184 4180 295 4261 fortuna
308 4181 384 4232 nobis
401 4179 548 4244 tradiderit,
566 4179 636 4230 inira
653 4181 761 4235 uberius
780 4179 969 4231 demonstrabo.
