2656 4716
604 170 751 271 A

193 382 330 455 Suspicor
351 383 440 456 igitur
461 382 518 441 hac
537 383 567 439 in
589 382 657 439 villa
677 383 791 456 amicos,
813 382 851 441 ad
872 398 941 455 qnos
963 381 1076 441 Ovidius
1099 380 1211 453 epistola

12 481 15 485 ’
110 480 231 554 dederit,
261 487 291 540 ct
320 498 411 554 prope
440 497 552 540 amnem
581 497 599 539 a
627 480 723 554 puella
745 481 901 556 ,trigidum‘
923 485 1100 540 nominatum
1121 497 1199 539 versa

108 579 204 639 inisse.
247 579 304 639 Sed
336 581 384 654 qui
418 581 457 639 sit
487 581 540 639 istc
566 576 871 656 fluviusfquaeritur.
914 583 1009 654 Atque
1040 583 1113 640 Voss
1141 579 1203 639 Diss

111 676 228 752 Gruppe
250 677 364 751 quidem
386 679 497 738 Arnum
517 680 690 754 intellegunt
710 686 740 740 et
759 680 865 740 Disseu
887 681 1007 740 adnotat
1030 681 1066 739 ad
1087 681 1106 738 l.
1128 697 1153 738 c.
1174 681 1217 739 beu

110 784 225 837 exstare
253 778 283 835 in
314 778 412 837 codice
438 778 573 837 Thueano
593 772 702 836 Arcus
732 779 920 852 scripturam3
952 798 1035 854 quam
1063 760 1165 839 tamen*
1187 780 1228 838 lec·

108 879 216 937 tionem
237 878 364 937 scholion
385 892 448 936 esse
468 894 553 936 nemo
575 877 660 938 lrodie
681 880 805 952 ignorat.
848 879 960 939 Arnum
980 879 1099 939 flumem
1119 881 1197 938 intell
1221 877 1227 893 ‘

110 992 192 1051 posse
221 994 278 1037 nou
307 995 392 1051 ueg03
418 978 469 1037 sed
495 978 607 1037 accedit
629 977 715 1055 alind,
737 979 813 1052 quod
834 981 871 1038 ad
894 979 979 1040 aliam
1008 997 1053 1038 me
1075 980 1193 1038 ducats
1247 1012 1273 1058 1,

109 1078 241 1135 tentiam.
284 1078 399 1136 Ovidius
430 1080 505 1137 enim
528 1071 697 1135 Etruscam
718 1095 834 1159 aquom
855 1079 934 1138 Fast.
955 1079 1005 1155 VI,
1030 1082 1091 1138 714
1114 1078 1155 1150 (o.
1176 1080 1201 1150 59·

102 1171 212 1255 fontes
234 1170 374 1247 Etrusco)
397 1184 426 1236 et
450 1171 584 1234 Tuscum
605 1195 721 1256 aquam
742 1180 821 1238 Fast.
843 1179 866 1244 I,
889 1179 958 1237 500.
983 1178 1033 1249 IV,
1055 1180 1105 1236 48.
1127 1179 1163 1246 V,
1184 1179 1231 1237 628

110 1275 147 1348 tc.
170 1277 196 1347 5,
221 1279 261 1335 29
286 1269 421 1335 Tuscum
449 1270 615 1354 lympham)
646 1279 770 1337 etitem
795 1272 927 1336 Tuscum
949 1272 1073 1358 flumem
1095 1279 1175 1336 Fast.
1192 1276 1229 1352 It,
1271 1329 1273 1333 .

110 1377 171 1434 294
194 1382 362 1436 constanter
383 1377 419 1436 de
443 1377 541 1437 Tiberi
561 1375 647 1439 fluvio
669 1377 750 1436 dixit.

161 1466 164 1471 ’
194 1477 323 1536 Tiberim
352 1487 453 1537 autem
472 1479 503 1536 iu
523 1494 594 1551 agro
615 1477 752 1537 Arretino
776 1475 920 1550 profluere
947 1481 1070 1535 testetur
1091 1476 1167 1535 Plin.
1187 1481 1233 1537 na
1260 1552 1273 1563 ι

110 1575 178 1634 hist.
210 1576 267 1648 III,
303 1579 321 1634 5
360 1575 414 1651 (9),
450 1579 504 1636 53:
564 1577 770 1648 ,Tiberis....
803 1593 820 1635 e
854 1577 948 1635 media
979 1575 1040 1635 fere
1070 1576 1235 1649 longitudire

110 1672 275 1748 Appennini
296 1675 400 1734 finibus
423 1667 623 1735 Arretinorum
648 1674 784 1748 profluit‘
820 1676 921 1749 Itoquc
942 1676 1014 1735 nihil
1035 1676 1165 1752 impedit,
1181 1690 1236 1750 quo·
1260 1707 1262 1711 ν

110 1776 204 1832 minus
224 1781 254 1834 et
282 1790 394 1834 amnem
414 1775 556 1850 frigidum,
586 1793 642 1849 quo
661 1776 725 1836 loco
745 1769 910 1855 stupidum
931 1776 1103 1834 adiectivum
1124 1789 1246 1850 urguere·

110 1875 193 1947 nolis,
224 1891 290 1933 oum
319 1877 415 1948 puella
440 1878 517 1936 omni
551 1876 678 1938 urbanae
706 1878 838 1935 luxuriae
865 1877 985 1936 adsueta
1010 1869 1152 1960 (dalmas
1173 1869 1239 1933 urbe

111 1968 189 2055 quid
220 1971 299 2046 esti)
331 1977 472 2049 loquatur,
505 1983 534 2036 et
562 1978 683 2036 Tuscum
712 1977 857 2050 lympham
889 1992 952 2034 esse
978 1975 1097 2035 eundem
1119 1976 1215 2033 Tibe‘

109 2081 251 2148 putemus.
286 2076 348 2135 Iam
370 2075 559 2135 Tiberi—id
579 2077 655 2150 qnod
676 2075 712 2133 dc
731 2077 812 2135 Arno
832 2073 919 2133 fluvio
940 2074 1227 2134 nescimus-multa

110 2176 271 2235 adiacuisse
292 2177 373 2234 villas
393 2177 470 2234 idem
489 2175 598 2234 Plinius
619 2175 703 2234 docet
723 2176 743 2233 l.
766 2193 790 2235 c.
812 2177 867 2232 54:
902 2175 1057 2247 ,Tiberis..
1070 2221 1098 2235 ..
1118 2173 1212 2249 plurib

109 2292 200 2348 prope
221 2277 297 2334 solus
319 2292 404 2349 quam
425 2277 514 2335 ceteri
534 2278 564 2332 iu
586 2275 718 2334 omnibus
739 2276 827 2333 terris
842 2292 942 2334 omncs
962 2276 1104 2336 adcolitur
1126 2273 1238 2347 adspici-

109 2379 213 2447 turque
242 2375 336 2433 villis‘
386 2376 420 2434 Iu
448 2375 567 2434 Etruria
595 2383 692 2436 eutem
721 2377 808 2434 etiam
839 2374 950 2434 Plinius
975 2377 1069 2433 minor
1090 2376 1189 2433 villam
1208 2371 1238 2431 ad

112 2475 239 2534 Tiberim
262 2477 345 2535 sitam
367 2476 500 2551 habebut,
522 2475 558 2534 de
580 2492 637 2549 qua
658 2476 696 2536 ad
715 2460 911 2548 Apollinarem
933 2477 1055 2534 amioum
1076 2474 1157 2533 dedit
1178 2474 1238 2531 haec

111 2591 156 2646 ep.
179 2575 214 2643 V,
241 2578 273 2633 6:
312 2578 374 2645 ‚Est
406 2593 474 2635 sane
495 2577 591 2648 gravis
616 2581 646 2634 et
666 2576 802 2648 pestilens
830 2591 882 2633 ora
901 2574 1069 2643 Tuscorum,
1104 2590 1179 2646 quae
1198 2584 1238 2646 per

110 2676 177 2733 litus
208 2676 380 2734 extenditur.
424 2675 479 2734 Sed
507 2676 537 2733 hi
557 2705 598 2718 —
620 2674 705 2734 Tusci
734 2677 850 2751 mei-
874 2675 972 2747 procul
1000 2691 1017 2732 a
1049 2677 1124 2733 mari
1153 2688 1238 2734 reces-

112 2781 220 2844 serunt,
244 2767 310 2849 quin
326 2778 412 2834 etiam
428 2775 602 2848 Appennino
617 2772 806 2833 saluberrimo
821 2775 960 2834 montium
974 2774 1130 2832 subiacent.
1153 2775 1238 2846 Atque

111 2875 193 2950 adeo,
216 2880 248 2934 ut
269 2891 380 2934 omnem
401 2893 455 2946 pro
476 2891 522 2933 me
544 2881 653 2933 metum
674 2890 773 2947 ponas,
795 2876 893 2948 accipe
912 2874 1081 2946 temperiem
1096 2875 1178 2944 caeli,
1199 2888 1237 2930 re·

109 2976 203 3049 gionis
226 2977 321 3050 situm,
344 2975 429 3034 villae
451 2976 653 3035 amoenitatem
666 3020 672 3032 .
685 3020 691 3034 .
703 3020 729 3033 ..
772 2973 898 3034 Aestatis
919 2976 995 3032 mira
1018 2974 1238 3033 clementia...

112 3076 226 3134 Medios
248 3077 295 3133 ille
317 3072 456 3149 (Tiberis)
478 3090 563 3148 agros
583 3081 671 3147 secat,
693 3076 808 3134 navium
829 3068 951 3147 patiens,
975 3090 1129 3148 omnesque
1149 3071 1250 3147 fruges,

109 3174 226 3234 devehit
254 3176 283 3233 in
313 3174 422 3246 urbem,
454 3176 547 3233 hieme
577 3175 726 3235 dumtaxat
754 3182 783 3234 et
808 3191 893 3245 vere3
924 3178 1035 3233 aestate
1062 3174 1241 3243 submittitur,

110 3276 296 3348 immensique
317 3272 441 3333 flaminis
461 3291 564 3334 nornen
587 3278 681 3334 arenti
703 3277 784 3335 alveo
806 3275 921 3343 deserit,
953 3278 1090 3334 autumno
1110 3269 1241 3332 resumit‘

110 3374 173 3446 Quo
195 3392 231 3434 ex
252 3375 315 3434 loco
339 3382 513 3447 compertum
527 3375 664 3433 habemus
684 3376 750 3434 ideo
771 3390 823 3447 per
844 3373 983 3431 aestivum
998 3389 1098 3433 canem
1114 3390 1172 3433 non
1187 3385 1241 3432 esse

111 3474 274 3533 adeundum
297 3475 432 3546 Tiberim,
454 3476 531 3547 quod
552 3491 585 3534 eo
607 3481 737 3547 tempore
758 3475 928 3533 exsiccetur.
1139 3469 1143 3473 ’

192 3573 227 3630 Iu
249 3574 303 3632 hac
324 3575 413 3649 igitur
434 3575 551 3648 regione
582 3575 633 3633 sub
654 3575 819 3646 Appennini
847 3573 992 3634 radicibus
1012 3575 1145 3645 auspicor
1163 3574 1242 3663 sitan

108 3670 199 3732 fnisse
221 3674 373 3733 Messallae
395 3675 507 3749 villam3
528 3674 569 3733 ibi
590 3678 701 3734 versari
720 3676 836 3734 solitum
858 3690 920 3733 esse
941 3691 994 3747 per
1014 3675 1090 3731 veris
1118 3678 1243 3744 tempora

112 3773 280 3832 Messallam
302 3791 360 3833 una
388 3792 452 3834 cum
480 3776 589 3847 amicis,
611 3776 641 3832 in
674 3777 773 3848 quibus
806 3774 894 3834 fuisse
916 3773 1059 3833 Tibullum
1082 3772 1243 3832 Cerinthuu

110 3872 335 3946 pseudonymum
361 3875 514 3946 Sulpiciam
545 3875 628 3949 alios3
653 3877 784 3936 adhunc
813 3881 925 3934 coetum
945 3871 1075 3932 Ovidium
1099 3877 1243 3946 aegrotum

110 3973 239 4045 quintum
255 3989 369 4034 carmen
384 3974 498 4034 dedisse
519 3981 553 4034 et
569 3982 672 4050 postea
693 3977 767 4034 hanc
788 3975 939 4048 epistolam
960 3974 991 4031 in
1013 3970 1122 4030 Tibulli
1143 3970 1244 4030 scrinia

110 4073 236 4144 venisse;
259 4090 316 4144 qua
337 4074 373 4133 de
394 4091 427 4133 re
446 4075 522 4134 iufra
542 4076 673 4150 pluribus
696 4076 797 4135 dicam.
