2656 4716
605 197 753 295 *leb——

113 393 221 452 habeat
248 393 324 464 miri,
353 394 378 450 si
405 393 461 452 hae
492 394 660 465 sententiae,
684 409 756 466 quae
784 395 814 452 in
835 411 861 454 c.
883 395 901 452 5
925 395 1078 452 continuae
1105 394 1189 468 legun

114 494 304 567 depromptae
332 510 367 552 ex
394 493 496 554 ordine
526 510 659 552 versuum
687 493 887 552 inserebantur
911 493 1196 562 onustosque·

114 595 222 666 dubito,
246 611 312 652 num
332 593 396 652 fieri
416 595 554 666 potuerit,
574 599 607 652 ut
628 609 664 652 ex
686 592 807 652 diversis
830 592 922 653 Ovidii
943 593 1073 653 versibus
1097 599 1180 651 conte
1261 593 1268 632 ⁴·

112 693 323 767 verborumque
350 694 432 761 ordo,
461 695 509 767 qni
538 698 634 751 exstat
661 709 737 751 nunc
758 693 834 766 apud
855 699 993 766 nostrum,
1015 692 1224 753 confunderetur
1266 727 1268 731 .

114 793 306 854 (brevissimas
333 790 457 866 deniqu‘e
486 809 534 852 res
561 793 651 851 habet
676 790 870 859 difficultates,
893 793 1050 866 siquibus
1071 793 1206 864 temporib
1258 797 1264 803 ’

111 894 243 954 Ovidium
263 893 315 951 has
336 893 513 973 imitationes
535 892 684 966 scripsisse
704 899 807 966 putent
826 893 880 951 viri
895 894 983 968 docti,
998 893 1158 952 accuratius
1179 909 1210 965 pe
1248 888 1268 919 ·’

110 993 302 1069 penderimns.
346 988 420 1050 Nam
448 1008 511 1051 cum
536 993 598 1050 veri
630 992 668 1050 sit
696 992 870 1050 simillimum
891 1000 956 1066 post
980 995 1114 1052 amissam
1135 993 1195 1052 dem

110 1094 264 1154 Messallae
285 1092 452 1152 memoriam
472 1091 517 1150 vel
538 1096 604 1162 post
625 1091 685 1149 eius
708 1097 829 1151 mortem
849 1093 880 1152 id
901 1098 945 1152 est
964 1109 1040 1151 anno
1055 1098 1121 1166 post
1136 1091 1222 1151 Char
1249 1103 1253 1107 ’

111 1194 230 1265 septimo
252 1193 296 1250 vel
312 1208 395 1254 nono
418 1192 557 1259 carmina,
579 1206 654 1263 quac
675 1191 770 1250 aliena
790 1191 924 1266 legantur
943 1209 962 1251 a
982 1193 1107 1262 Tibullo,
1129 1193 1230 1265 corpori

110 1291 273 1351 Tibulliano
294 1307 355 1350 esse
374 1294 492 1363 inserta,
514 1292 611 1350 nescio
632 1307 669 1350 an
691 1293 846 1350 statuerint
866 1292 921 1350 viri
939 1292 983 1350 illi
1003 1292 1090 1363 docti,
1107 1291 1239 1362 Ovidium,-

111 1408 178 1450 onm
206 1392 327 1451 Amores
354 1397 383 1450 et
403 1393 506 1450 Artem
530 1391 678 1462 scriberet,
708 1391 834 1450 carmina
855 1391 982 1450 nondum
1002 1392 1080 1450 edita
1105 1394 1231 1451 imitatum
1263 1388 1268 1443 ἶ

114 1506 175 1550 esse
203 1497 289 1563 atque
322 1490 499 1562 compilasse,
521 1506 593 1562 quae
622 1489 667 1548 vel
694 1492 772 1562 apud
800 1491 1033 1557 Messallamvel
1062 1493 1138 1566 apud
1162 1494 1262 1559 aliun„

111 1591 291 1663 perlegisset.
315 1589 414 1660 ‘Quae
434 1589 598 1648 coniectura
618 1590 696 1650 nullo
714 1591 878 1650 testimonio
900 1591 1112 1665 comprobatur.
1265 1590 1268 1595 '

135 1734 137 1739 .
193 1689 255 1747 Iam
278 1704 342 1747 cum
363 1705 479 1748 ammon
500 1690 630 1761 quintum
650 1691 731 1764 prius
746 1691 937 1762 compositum
958 1708 1019 1750 esse
1039 1708 1126 1764 quam
1140 1695 1236 1766 scripta
1257 1707 1268 1745 t

114 1790 165 1848 illa
186 1789 288 1856 Ovidii,
311 1790 341 1847 in
361 1789 463 1862 quibus
483 1791 600 1862 repetiti
621 1791 758 1864 legantur
779 1791 888 1864 aliquot
908 1807 1018 1867 vorsus,
1038 1791 1189 1864 probabile
1208 1794 1236 1851 sit

112 1897 227 1948 etcum
248 1889 459 1948 demonstrasse
480 1889 549 1947 mihi
570 1890 669 1949 videar
701 1891 831 1949 Ovidium
852 1891 899 1950 vix
919 1891 1045 1965 potuisse
1067 1893 1121 1952 hos
1147 1909 1237 1952 versus

111 1989 250 2050 imitando
277 2006 313 2048 ex
341 1989 491 2063 Lygdamo
519 1990 615 2063 aliquo
644 1997 732 2062 poeta
756 1992 868 2064 aequali
899 1992 1070 2066 exprimere,
1095 1999 1184 2051 restat
1212 1994 1260 2049 ott

111 2094 244 2162 putemus
275 2089 406 2148 Ovidium
434 2091 528 2162 ipsum
556 2093 684 2148 iuvenem
713 2106 827 2149 carmen
854 2091 927 2150 illud
947 2094 1077 2166 quintum
1103 2093 1239 2166 pepigisse

111 2196 141 2247 et
175 2206 205 2247 se
240 2190 332 2262 ipsum
365 2191 527 2262 posteriore
562 2195 692 2261 tempore
721 2191 914 2264 compluribus
950 2193 1020 2252 locis
1054 2193 1239 2264 exscripsisse.

113 2285 206 2362 Quem
233 2290 405 2349 sententiam
432 2306 497 2348 cum
524 2291 582 2348 iam
610 2291 678 2349 olim
707 2291 825 2364 Gruppe
846 2285 914 2367 (Die
935 2293 1092 2351 roemische
1110 2289 1239 2365 Elegiel

110 2408 140 2463 p.
166 2388 341 2465 rot—143)
362 2392 566 2463 proposuisset,
587 2393 729 2463 persuasit
749 2392 864 2450 nemini.
906 2390 997 2451 Immo
1011 2409 1073 2452 oum
1094 2393 1145 2450 alii
1167 2392 1237 2450 oblo-

111 2491 170 2550 outi
190 2498 257 2548 sunt
276 2497 337 2549 tum
357 2490 520 2564 Hertzberg
533 2490 558 2562 1)
578 2490 654 2550 hanc
674 2491 836 2563 opinionem
858 2493 998 2550 acerrime
1019 2489 1174 2566 adgressus
1195 2496 1237 2550 est

111 2593 210 2665 Neque
230 2587 336 2649 infitias
358 2605 393 2648 eo
416 2588 536 2662 Gruppii
558 2590 836 2662 argumentationem
856 2607 948 2663 neque
972 2591 1103 2650 omnibus
1124 2591 1238 2650 numeris

112 2691 272 2749 absolutam
294 2705 358 2747 esse
379 2693 409 2747 et
429 2705 497 2748 uera
519 2705 582 2746 cum
602 2687 683 2748 falsis
703 2689 858 2748 miscuisse.
900 2691 996 2766 Atque
1024 2707 1089 2750 oum
1109 2691 1237 2749 hocloco

112 2791 238 2863 primum
261 2790 297 2848 de
318 2790 444 2848 carmine
464 2789 565 2860 quinto
587 2789 771 2861 disputemus,
794 2787 911 2864 Gruppe
933 2807 1075 2849 unacum
1103 2792 1237 2864 plerisque

111 2908 146 2949 ex
168 2892 236 2948 viris
256 2889 349 2948 doctis
370 2889 400 2946 in
426 2906 461 2948 co
482 2889 595 2948 ridetur
616 2904 759 2961 peccasse,
780 2889 856 2961 qnod
877 2906 1017 2949 conexum
1038 2891 1236 2950 sententiarum

111 2992 188 3050 inter
217 3006 332 3049 carmen
359 2991 490 3062 quintum
515 2994 681 3063 ceterasque
709 2989 775 3047 libri
797 2990 878 3048 tertii
899 2991 1005 3064 elegias
1030 2994 1140 3062 statuit,
1162 3005 1235 3062 quem

112 3096 226 3163 egomet
246 3091 374 3149 invenire
394 3087 502 3148 frustra
522 3091 669 3161 temptavi.
713 3088 830 3162 Gruppe
851 3089 965 3161 quidem
986 3092 1054 3162 quid
1076 3092 1196 3150 sentiret
1208 3088 1237 3146 de

110 3190 238 3247 carmine
258 3189 366 3260 quinto,
392 3194 489 3246 utrum
508 3188 538 3247 id
559 3204 624 3246 oum
644 3189 749 3246 ceteris
771 3194 835 3246 arte
850 3189 1036 3264 coniungeret
1055 3170 1150 3252 annon
1170 3191 1237 3250 dilu-

112 3287 175 3346 cide
196 3304 255 3346 non
276 3289 482 3362 pronuntiavit,
503 3304 676 3361 quamquam
696 3290 834 3361 epistolae
861 3291 1007 3362 inscripsit
1035 3294 1166 3366 ‚elegiam
1186 3292 1236 3349 sin-

110 3383 250 3462 gularem‘
264 3383 290 3463 ²)
318 3403 409 3460 neque
435 3387 572 3460 pluribus,
605 3387 686 3459 quasi
707 3388 802 3447 omnia
823 3396 921 3448 essent
942 3392 1021 3449 clara
1042 3399 1072 3450 et
1093 3395 1124 3450 in
1145 3400 1237 3466 aperto
1265 3418 1268 3471 3

111 3489 215 3560 posita,
246 3505 307 3545 rem
335 3493 499 3560 persecutus
527 3493 572 3545 est
601 3486 717 3559 Dissen;
740 3487 792 3546 scd
812 3489 887 3548 Voss
909 3489 1007 3562 Spohn
1029 3490 1155 3563 Golocry
1175 3495 1238 3550 Fusa
1265 3478 1268 3531 ῗ

113 3588 162 3646 alii
194 3589 288 3661 omnia
320 3587 387 3645 libri
418 3589 497 3646 tertii
528 3590 656 3648 carmina
684 3589 721 3648 ad
746 3606 883 3662 amorem,
906 3607 962 3663 quo
990 3597 1074 3650 erant
1102 3589 1238 3653 coniuncti

110 3689 187 3748 inter
207 3705 238 3746 se
258 3687 425 3760 Lygdamus
447 3693 477 3746 et
497 3688 620 3755 Neaera,
641 3690 683 3748 ita
703 3697 846 3762 revocant,
869 3694 902 3748 ut
922 3695 1045 3765 poetam,
1068 3709 1132 3751 cum
1152 3692 1239 3751 Noae·

112 3805 176 3846 ram
197 3789 248 3849 alii
270 3788 330 3846 viro
352 3789 396 3846 vel
419 3790 542 3847 amatori
562 3786 658 3850 favere
680 3793 855 3867 cognoverit,
870 3791 907 3851 ob
922 3793 1025 3851 nimias
1045 3795 1150 3851 amoris
1170 3791 1240 3851 solli·
1265 3810 1268 3847 ;

198 4015 219 4082 ¹)
238 4016 279 4067 cf.
297 4016 436 4068 Hallischc
453 4018 639 4072 Jahrbueohsr
656 4023 716 4073 iuer
735 4024 858 4075 deutsche
876 4025 1065 4078 Wissensohalt
1086 4027 1142 4077 und
1160 4027 1243 4077 Runa

111 4104 139 4154 11
157 4101 246 4171 (1839)
264 4119 291 4167 p.
312 4105 490 4156 rore-1026.

198 4188 219 4258 ²)
239 4191 280 4242 cf.
298 4192 348 4243 Die
366 4193 516 4245 roemische
532 4193 622 4261 Elegia
641 4196 669 4245 II
686 4212 712 4262 p.
732 4199 772 4249 66.
