2656 4716
607 190 641 243 11

99 380 201 442 iluiiues
228 388 378 458 aegrotum
400 382 437 442 ad
458 384 573 456 amicos,
596 384 644 458 qui
664 399 752 456 aquas
779 379 917 442 Etruscas
936 383 1082 453 adiissent,
1104 385 1193 459 scrip·

99 481 136 542 isse
153 489 272 557 ponant.
316 484 395 556 Quae
417 484 625 544 sententiarum
645 483 846 555 interpretatio
866 484 997 543 minimos
1016 483 1104 544 babet
1123 500 1192 560 pro-

99 581 216 643 tbilitatis
236 599 379 643 numeros.
418 581 494 642 Nam
515 583 539 642 si
560 599 675 642 cumen
696 582 823 654 quintum
844 583 1006 641 accuratius
1026 583 1192 660 perlegeris,

99 681 135 741 ilii
153 685 182 742 in
203 700 239 743 eo
259 683 398 757 invenies,
419 681 496 754 quod
510 681 641 742 edilium
656 681 788 741 Neaerae
802 696 930 740 amorem
944 684 1075 742 revocari
1087 685 1192 757 possit3

99 797 150 856 tque
170 789 285 843 amatae
307 782 422 855 puellae
442 797 534 855 neque
556 782 693 840 amatoris
713 780 857 854 Lygdami
876 782 991 840 nomina
1018 785 1049 840 in
1070 784 1194 857 epistola

99 890 201 956 rantur.
245 881 338 941 Estne
360 883 474 941 omnino
494 881 649 941 verisimile
669 887 785 952 poetam
806 897 843 939 ex
863 879 938 940 febri
963 884 1091 955 graviter
1110 883 1194 942 labo·

99 989 172 1041 utem
193 988 223 1042 et
245 1000 281 1042 ex
303 997 338 1041 ea
360 987 481 1041 mortem
502 987 674 1041 metuentem
695 997 731 1040 ne
752 981 883 1055 tetigisse
904 982 1020 1054 quidem
1034 999 1090 1042 nno
1104 985 1192 1044 verbo

99 1098 132 1140 nc
162 1098 291 1142 amorem
317 1081 452 1153 illamque
477 1083 610 1154 puellam,
639 1097 712 1153 quae
732 1097 818 1140 causa
839 1087 916 1141 esset
936 1083 1029 1142 morbi
1049 1088 1079 1141 et
1099 1099 1193 1155 paene

99 1181 181 1240 rtis?
202 1260 206 1265 ν
225 1180 371 1254 Sequitur,
387 1182 411 1240 si
425 1187 513 1253 poeta
532 1181 666 1240 carminis
681 1183 772 1254 quinti
788 1188 817 1240 et
830 1183 1005 1254 reliquarum
1025 1183 1092 1241 libri
1113 1187 1194 1244 tertii

99 1284 219 1356 giacum
250 1281 327 1340 idem
354 1288 407 1348 est,
435 1286 467 1339 nt
491 1281 611 1354 epistola
638 1286 689 1339 aut
715 1287 783 1340 ante
812 1297 947 1348 amorem,
971 1298 1026 1354 qno
1047 1285 1194 1358 amplexus

99 1389 124 1441 et
143 1382 311 1455 Lygdamus
332 1381 485 1452 Neaeram,
508 1379 593 1440 modo
614 1385 647 1438 ut
666 1386 865 1452 argumentum
886 1384 992 1442 amoris
1020 1383 1057 1442 sit
1084 1399 1191 1458 verum,

99 1488 110 1539 t
128 1487 197 1555 post
219 1483 280 1540 eius
299 1477 385 1540 finem
399 1481 508 1552 scripte
529 1481 582 1551 sit;
606 1479 656 1537 sed
670 1481 781 1538 etiamsi
795 1482 909 1554 generis
924 1480 1037 1541 dicendi
1051 1484 1192 1540 rationem

99 1601 114 1640 u
136 1582 285 1653 habueris,
307 1581 378 1640 nibil
398 1579 527 1653 impedit,
548 1580 616 1651 quin
630 1586 766 1652 quattuor
780 1582 874 1654 prima
889 1581 955 1640 libri
969 1582 1050 1641 tertii
1064 1583 1194 1642 carmina

105 1688 222 1741 sextam
242 1683 363 1756 elegiam
384 1681 420 1740 ab
442 1681 498 1740 clio
520 1686 637 1739 auctore
658 1682 814 1753 composita
835 1698 897 1740 esse
918 1688 1084 1741 statuamus.
1128 1683 1192 1741 Ovi·

99 1800 141 1839 rm
163 1788 260 1841 autem
279 1781 408 1855 quintam
428 1780 548 1855 elegiam
571 1782 761 1853 composuisse
790 1781 977 1852 probabiliter
998 1782 1195 1841 demonstrare

99 1881 205 1956 nabor,
224 1883 260 1942 ad
279 1899 362 1955 quem
383 1888 412 1941 et
432 1896 524 1940 annus
545 1881 649 1941 natalis
669 1886 699 1938 et
719 1897 767 1938 res
780 1883 918 1940 metricae
933 1887 962 1939 et
976 1898 1067 1956 genus
1082 1881 1195 1939 dicendi

113 1982 253 2054 imprimis
273 1998 372 2042 versus
392 1981 435 2040 illi
448 1983 479 2040 in
492 1983 552 2040 eius
566 1980 739 2040 carminibus
753 1983 868 2052 repetiti
883 1996 941 2039 non
955 1983 1029 2040 male
1043 1980 1194 2053 quadrent.

144 2081 208 2140 Iam
230 2087 262 2140 ut
283 2083 396 2141 initium
417 2079 521 2140 faciam
537 2080 573 2138 ab
587 2097 663 2140 anuo
679 2079 774 2139 Ovidii
789 2081 934 2152 natalicio,
950 2080 1080 2139 Ovidium
1101 2081 1193 2151 ipsum

114 2180 198 2239 Trist.
221 2179 271 2250 IV,
296 2183 341 2256 10,
364 2184 381 2238 6
404 2181 507 2239 iisdem
528 2180 632 2247 verbio,
653 2196 726 2252 quae
749 2181 884 2253 leguntur
905 2182 936 2237 in
955 2197 980 2238 c.
995 2181 1012 2237 5
1028 2179 1094 2237 libri
1115 2181 1195 2238 tertii

99 2281 184 2355 lloges
198 2281 383 2355 Tibullianae,
402 2298 508 2340 aunum
521 2281 770 2354 quadragesimum
785 2282 901 2337 tertium
915 2279 1090 2354 significasse
1109 2296 1198 2354 supra

99 2423 104 2438 .
125 2376 155 2456 5)
180 2380 249 2438 dixi.

142 2480 242 2538 Nihilo
271 2481 362 2554 magis
381 2496 514 2539 versuum
541 2482 668 2539 rationes
689 2485 851 2552 repugnant
869 2478 969 2538 Ovidis
991 2481 1110 2551 auctori,
1132 2497 1197 2539 curn

99 2597 154 2652 tque
171 2580 341 2653 trisyllabac
359 2581 405 2639 vel
434 2580 632 2654 polysyllabae
660 2586 904 2653 pentametrorum
933 2580 1076 2637 clausulae
1104 2595 1199 2651 neque

99 2695 182 2752 perae
213 2697 348 2740 caesurae
380 2698 472 2754 neque
503 2696 604 2754 graves
634 2682 765 2740 elisiones
798 2680 969 2754 elegantiam
1001 2679 1196 2738 Nasonianam

99 2779 180 2838 edant
200 2789 231 2840 et
252 2782 363 2840 etiamsi
383 2797 441 2840 nou
462 2797 552 2855 aeque
574 2777 666 2839 facilis
683 2781 928 2852 etvividusatque
942 2781 973 2837 in
987 2780 1091 2838 ceteris
1106 2779 1198 2838 Ovidii

99 2880 242 2939 uminibus
262 2893 445 2941 numerorum
466 2880 616 2954 rhythmus
636 2882 787 2953 reperitur,
810 2881 881 2939 baec
895 2896 943 2937 res
957 2878 1065 2950 aliquid
1080 2893 1198 2937 excusa-

99 2981 151 3037 ›nis
169 2979 264 3053 babet,
287 2981 363 3053 quod
384 2986 470 3052 poeta
492 2997 558 3051 non,
579 2985 611 3037 ut
632 2978 739 3052 publici
760 2981 831 3037 iuris
853 2977 972 3052 iaceret,
989 2978 1038 3037 sed
1053 2983 1084 3035 ut
1099 2977 1198 3034 amicis

99 3079 252 3139 latudinem
272 3082 426 3152 nuntiaret,
448 3081 600 3154 epistolam
622 3081 787 3151 composuit.

147 3178 258 3239 Deinde
280 3196 317 3239 ne
339 3197 357 3239 a
377 3181 510 3253 loquendi
531 3181 646 3253 quidem
668 3196 721 3238 usu
742 3180 859 3239 Ovidius
880 3179 990 3237 alienus
1012 3184 1064 3236 est.
1100 3176 1197 3236 Veluti

99 3293 144 3336 rue
162 3280 304 3338 invenitur
323 3283 354 3339 in
376 3298 403 3340 v.
427 3283 444 3338 3
466 3283 609 3354 particula
630 3289 749 3339 actem:

197 3423 295 3488 Nono
314 3437 444 3488 actem
463 3425 564 3488 saeris
586 3423 745 3488 Boiorum
762 3424 913 3508 protocteto
934 3422 1066 3508 lymphis

99 3592 130 3634 nn
150 3579 227 3650 apud
246 3577 388 3638 TibuNum
410 3595 549 3650 nusquam
574 3585 714 3647 occurrat,
738 3583 831 3636 exstat
853 3579 883 3635 in
904 3576 954 3635 Ov.
968 3576 1033 3634 Am.
1049 3577 1087 3650 ll,
1102 3579 1131 3648 2,
1147 3578 1197 3634 28.

99 3679 183 3738 eroid.
206 3678 258 3746 ΙΠ,
275 3680 342 3737 145.
364 3680 434 3739 Met.
449 3679 501 3746 IX,
520 3679 587 3737 143.
601 3680 671 3738 495.
695 3679 732 3744 X,
749 3677 819 3735 345.
840 3675 918 3747 XIV,
935 3679 1004 3748 4893
1020 3675 1197 3748 Propertius,

99 3793 158 3848 tem,
170 3785 203 3837 ut
216 3779 377 3852 principum
397 3779 507 3853 elegiae
521 3780 668 3839 Romanae
688 3794 767 3836 usum
788 3776 921 3848 loquendi
942 3790 1154 3848 cognoscerem,
1169 3776 1199 3834 in

99 3877 198 3936 unibus
218 3880 304 3938 rebus
325 3881 520 3954 grammaticis
542 3896 604 3938 cum
624 3878 739 3936 Tibullo
754 3883 783 3935 et
796 3876 895 3935 Ouidio
910 3878 1081 3949 comparavi,
1097 3883 1201 3934 actem

99 3979 210 4037 uticuia
229 3979 316 4038 semel
335 3996 404 4038 usus
425 3986 469 4038 est
489 3979 541 4050 ΠΙ,
564 3981 613 4051 30,
636 3979 685 4034 29.

151 4079 243 4140 Porro
263 4079 432 4139 vocabulum
453 4071 523 4134 olim
544 4079 574 4133 in
594 4095 621 4135 v.
644 4079 683 4134 23
705 4077 741 4137 ad
762 4074 859 4136 futura
880 4076 1012 4147 relatum,
1036 4075 1111 4147 quod
1123 4076 1199 4148 apud

99 4180 208 4240 bullum
230 4175 332 4240 libii
351 4199 376 4240 c.
394 4184 411 4240 3
433 4197 459 4239 v.
482 4179 521 4237 29
544 4184 574 4236 et
593 4176 644 4236 lib.
667 4178 695 4235 Π
716 4178 772 4235 cb
795 4194 823 4235 v.
840 4178 877 4235 79
899 4177 1058 4249 praeterita
1079 4180 1199 4246 spectat,
