2656 4716
648 182 684 240 14

107 376 293 450 disceptanda
323 376 384 437 iere
413 395 530 452 prorsus
560 382 729 440 sententiam
758 399 776 441 a
805 383 936 456 Gruppio
957 383 976 441 l.
999 400 1022 442 c.
1045 401 1073 456 p.
1098 384 1183 441 14οε

106 477 284 548 propositam
305 480 471 552 amplector.
507 476 612 536 Omnes
633 479 726 538 adhuc
747 480 929 554 interpretes,
944 485 1000 542 nisi
1015 485 1132 558 egregie
1146 481 1182 542 fal

107 577 212 635 amicos
232 578 263 634 in
285 571 408 635 thermis
428 580 574 651 Etruriae,
598 578 700 650 quibus
720 580 888 641 abundabat
909 583 980 642 haee
1001 600 1069 655 pars
1090 583 1183 642 Italiae

18 716 20 721 .
107 681 254 734 versantes
283 677 337 735 sibi
363 675 516 737 finxerunt.
560 678 636 750 Quas
661 679 787 738 thermas
813 681 895 740 adire
915 683 1046 742 solebant
1069 699 1122 757 per
1141 685 1183 742 hie

107 778 137 833 et
157 775 232 833 veris
253 780 383 850 tempora
404 778 527 837 Romani
549 778 659 849 divites,
681 778 731 837 sed
752 794 805 851 per
826 786 966 841 aestatem
981 784 1181 842 canicularium

107 874 218 933 dierum
239 877 363 936 calorem
383 877 427 936 his
447 877 555 936 relictis
577 878 607 935 in
629 893 715 953 agros
735 894 769 938 ac
790 887 901 940 montes
923 882 1066 954 recedere,
1088 882 1125 940 de
1139 899 1183 955 que

107 974 150 1031 ita
169 980 202 1032 ut
220 974 307 1034 Baias
329 978 485 1050 respiceret
507 979 645 1037 certiores
666 994 717 1036 nos
738 976 807 1039 tecit
839 982 983 1041 Martialis
1004 982 1053 1051 IV,
1069 983 1118 1055 57,
1142 986 1158 1041 5
1179 1000 1183 1039 t

108 1069 167 1146 (ed.
190 1074 415 1148 Schneidewin):
1013 1099 1016 1104 ·

242 1229 390 1321 Horrida
411 1229 466 1294 sed
486 1230 609 1309 ferveat
629 1229 779 1296 Nemeaei
795 1243 925 1318 pectora
944 1235 1082 1311 mustei,

274 1330 341 1394 Nec
361 1332 440 1394 sutis
462 1343 504 1394 est
525 1329 631 1395 Baius
652 1334 723 1418 ipae
743 1331 845 1395 coiere
867 1353 940 1396 suo:

240 1422 329 1515 'Eupo
350 1433 434 1494 sueri
455 1430 555 1499 fontes
578 1443 606 1495 et
626 1431 720 1495 litora
740 1444 837 1516 prata
856 1431 963 1514 valete,

275 1529 498 1616 Nympharum
513 1533 643 1616 puriter
664 1529 897 1616 Nereidumque
918 1530 1035 1598 domus.

243 1627 414 1693 Herculeos
435 1630 525 1694 colles
545 1630 652 1716 polida
672 1652 725 1693 vos
747 1630 860 1694 vincite
881 1630 1001 1704 emma,

274 1728 369 1794 Nurac
392 1727 564 1794 Tiburtinis
585 1729 680 1794 cedite
691 1729 883 1815 friyoribus.

194 1893 274 1954 Haec
284 1894 486 1968 interpretatio
501 1912 565 1954 cum
579 1894 735 1969 probabilis
745 1896 783 1954 sit
794 1912 885 1970 neque
899 1897 1005 1955 habeat
1020 1896 1094 1970 quod
1109 1896 1183 1956 offen

109 1997 272 2055 necessaria
302 2011 361 2054 uon
382 2000 435 2053 est.
479 1994 601 2054 Pramus
623 1997 699 2054 enim
720 1995 819 2075 eodem
843 1997 906 2053 iure
927 2012 984 2054 non
1006 1997 1132 2055 thermas
1154 1995 1182 2051 E

109 2097 171 2154 riae
191 2095 241 2154 sed
262 2111 351 2169 aquas
378 2097 473 2169 potius
493 2096 539 2153 vel
568 2112 680 2154 amnem
709 2094 851 2166 quendam
878 2096 1037 2169 intellegas,
1060 2111 1142 2169 quem
1162 2112 1183 2152 a¹

110 2195 245 2255 adierint.
297 2195 331 2252 ln
363 2211 476 2253 emnem
506 2201 602 2255 antem
630 2197 677 2252 vix
712 2196 804 2253 minus
836 2194 907 2253 mihi
937 2195 1070 2255 videntur
1103 2196 1183 2268 quat

112 2301 143 2353 et
163 2312 190 2352 v.
213 2296 265 2354 30:

353 2393 397 2458 Et
408 2393 526 2480 facilis
548 2395 635 2460 teuta
651 2395 782 2480 pellitur
802 2394 890 2459 unda
910 2415 1023 2458 mauu

112 2537 142 2592 et
163 2516 252 2592 v'erba
271 2549 345 2607 quae
366 2538 432 2592 sunt
452 2535 483 2592 in
503 2551 530 2591 v.
557 2537 589 2590 1:

360 2656 506 2721 Etruscis
526 2671 634 2721 multat
655 2679 734 2744 quae
746 2656 891 2742 fontibus
911 2655 1000 2720 undu

114 2796 186 2869 (quo
213 2796 353 2854 inversu
381 2797 492 2854 minimi
520 2798 715 2865 aestimamus,
738 2795 813 2868 quod
835 2810 907 2866 quae
929 2799 1022 2852 exstat
1050 2797 1183 2866 scripture

115 2896 260 2955 nonnullis
280 2893 361 2954 libris
381 2888 531 2952 montibus
553 2910 571 2952 a
592 2894 695 2954 Vossio
716 2896 746 2954 iu
766 2892 919 2954 verborum
941 2899 1106 2952 contextum
1135 2911 1183 2952 rec

114 2993 181 3069 est).
210 2995 241 3055 Si
261 3012 330 3055 vero
351 2994 438 3054 Baias
460 3001 546 3067 poeta
560 2999 776 3065 commemorat,
800 3010 859 3053 non
879 2993 1055 3053 thermarum
1076 2994 1183 3052 fontiun

114 3096 347 3168 sulphuratorum
367 3097 509 3155 rationem
531 3095 628 3162 habet,
644 3097 692 3167 qui
705 3111 795 3168 prope
809 3092 896 3153 Baias
917 3098 991 3162 sunt,
1013 3094 1064 3152 sed
1084 3095 1140 3152 hae
1161 3111 1183 3152 a

115 3211 208 3268 paene
236 3197 425 3266 metonymice
454 3200 521 3253 sunt
551 3195 646 3254 dictae
673 3211 726 3267 pro
754 3194 881 3267 quolibet
906 3193 1026 3252 divitum
1056 3191 1183 3251 Romano

116 3294 236 3370 refugio.

197 3394 260 3452 Iam
289 3395 436 3468 quaeritur
463 3396 511 3468 qui
540 3394 647 3454 luerint
675 3395 786 3454 amici
815 3395 872 3473 illi3
904 3396 1032 3467 suspicor
1054 3393 1183 3452 Tibullus

115 3493 282 3554 Messallam
312 3494 520 3568 intellegendos
555 3510 626 3554 esse.
681 3495 856 3568 Quamquam
894 3495 1022 3553 Ovidium
1057 3509 1150 3566 paene

205 3823 225 3890 ¹)
244 3827 284 3878 Cf.
308 3827 394 3878 Strub.
417 3829 449 3891 V,
473 3831 497 3890 2,
517 3830 532 3878 9
556 3846 580 3894 p.
606 3831 665 3892 189,
690 3831 705 3877 2
729 3826 781 3895 (ed.
806 3827 918 3877 Mueller
942 3832 968 3876 et
992 3822 1141 3891 Duebner):
1165 3843 1183 3872 a

118 3906 148 3960 te
171 3911 214 3961 uui
237 3913 291 3964 τῶν
321 3908 432 3984 θερμῶν
457 3903 568 3966 ὑδάτων
592 3909 714 3983 ἀφθονία
740 3901 811 3964 κατά
833 3903 882 3982 τήν
908 3911 1055 3983 Τυρρηνίαν
1078 3910 1118 3976 τῷ
1140 3911 1183 3959 retr

117 3983 184 4047 εἶναι
207 3990 256 4066 τῆς
277 3987 385 4073 Ῥώμης,
415 3993 471 4071 οὐχ
498 3988 582 4070 ἧττον
607 3995 730 4072 stauisti
748 3999 802 4051 τῶν
832 4002 858 4049 ἐν
888 4000 994 4063 Βαΐαις,
1019 3990 1037 4049 ἅ
1064 3993 1183 4067 §tmuium

116 4071 185 4133 uoti
211 4073 319 4135 πάντων
342 4082 471 4160 μάλιστα.
508 4089 596 4140 Adeas
620 4089 762 4140 Manuertii
788 4083 964 4152 ,Geographie
982 4085 1030 4136 der
1047 4085 1179 4136 Grieeheu

116 4171 220 4221 Rtmer‘
242 4178 305 4224 tom.
323 4175 372 4242 IX,
393 4180 415 4226 1.
434 4192 459 4242 p.
479 4176 528 4226 351
547 4191 603 4243 sqq.
