2656 4716
539 187 688 276 *aa*

44 384 138 445 nano
161 401 199 444 au
211 379 277 465 far
292 381 384 465 piam
405 390 434 444 et
455 378 641 444 saluatum
662 401 698 444 ex
718 385 904 445 sollemnibus
925 384 1109 445 sacerdotum
1128 384 1189 447 for·

47 484 127 543 uulis
154 500 172 543 a
197 485 293 557 poetis
319 485 463 559 repetitae
484 485 552 544 sint
595 477 664 543 Far
683 478 774 562 piam
795 489 876 544 eerto
898 485 1045 543 sollemnis
1067 481 1124 543 fuit
1144 485 1189 544 lo·

45 582 147 659 suendi
168 582 292 643 formula
320 581 368 653 (of.
391 584 470 644 Serv.
501 583 540 644 ad
564 584 627 643 Eal.
649 584 728 654 VIII,
752 585 808 656 82;
843 583 956 642 Nonius
979 602 1008 657 p.
1040 583 1079 643 52
1109 584 1192 653 ,ador

48 680 180 747 frumeuti
233 727 240 741 .
263 726 272 742 .
294 727 302 746 .
322 686 400 758 pium
422 688 567 759 putatur‘;
591 683 712 756 Preller,
735 683 835 742 Roem.
858 682 979 756 Mytbol.
1013 681 1025 716 ²
1045 700 1075 756 p.
1099 685 1189 756 547„

48 797 216 856 quamquam
237 782 375 842 confiteor
400 783 476 842 idem
498 784 535 844 de
554 781 680 842 formula
699 777 814 841 saltem
834 776 885 842 eal
905 784 950 843 vel
970 776 1087 841 saliens
1107 778 1193 841 miae

48 886 121 945 ωηο
144 881 338 942 demonstrari
359 899 417 942 non
438 899 532 955 posse.
565 883 727 956 Vtrumque
746 888 863 957 poetam
885 878 930 959 (et
945 881 1144 957 ,Lygdamum‘
1161 888 1191 941 et

50 974 212 1057 Horatium)
228 980 281 1041 has
294 978 454 1054 locutiones
468 999 504 1042 ex
517 983 615 1055 priore
629 982 725 1055 aliquo
739 988 827 1055 poeta
840 984 940 1057 ignoto
956 984 1109 1056 sumpsisse
1126 998 1190 1042 oum

50 1097 101 1141 nou
120 1081 160 1141 sit
180 1081 344 1157 verisimile,
377 1085 478 1153 restat,
501 1087 534 1141 ut
562 1086 613 1141 aut
633 1081 816 1156 Lygdamum
837 1081 954 1150 Horatii
977 1097 1094 1142 carmen
1115 1096 1191 1140 anuo
1256 1143 1272 1168 ,

50 1186 112 1243 tuta
141 1179 210 1241 Chr.
232 1177 294 1239 fere
316 1181 355 1238 24
388 1181 493 1255 legisse
524 1186 555 1240 et
585 1182 731 1241 imitatum
748 1196 825 1240 ¹esse
853 1186 1025 1251 statuamus,
1054 1180 1085 1239 id
1115 1178 1192 1253 quod

10 1341 13 1345 .
50 1281 114 1341 mibi
135 1292 194 1342 uon
213 1280 415 1354 persuadetur,
438 1286 489 1339 aut
510 1283 639 1353 quamvis
662 1282 809 1341 sollemnis
833 1278 975 1341 formulae
997 1279 1192 1339 testimonium

52 1378 145 1440 afferri
166 1385 301 1452 nequeat,
324 1384 421 1439 tamen
442 1380 617 1441 leontionem
638 1374 688 1438 eal
708 1374 824 1438 saliens
845 1397 879 1440 eo
901 1381 986 1440 modo
1009 1378 1190 1451 explicemus.

10 1521 16 1549 :
52 1479 126 1539 Beue
152 1484 252 1539 autem
281 1478 319 1539 ad
346 1478 499 1540 formulam
524 1481 695 1540 allitteratio
717 1497 791 1554 quae
813 1480 920 1540 dieitur
940 1481 971 1539 in
993 1478 1080 1538 rebus
1102 1477 1192 1536 saeris

10 1606 17 1658 ξ
54 1581 222 1640 sRomauis
249 1580 420 1655 saepissime
451 1580 581 1640 adbibita
611 1580 745 1654 quadrat.
796 1580 879 1653 Quod
907 1581 933 1638 si
960 1584 1038 1639 reete
1066 1577 1187 1652 conieci,

10 1705 19 1756 i-
54 1679 187 1740 Horatius
212 1680 293 1759 illam
320 1681 495 1740 locutionem
516 1680 555 1741 ad
576 1696 659 1763 supm
680 1697 765 1740 usum
786 1685 816 1739 et
835 1697 871 1740 ex
890 1692 943 1745 sun
962 1693 1043 1738 more
1064 1677 1192 1737 novavit.

10 1804 23 1860 j,
56 1777 125 1839 tane
160 1795 236 1852 quae
264 1779 336 1839 alibi
376 1781 504 1839 occurrit
537 1773 621 1836 mola
646 1773 736 1838 salso
766 1779 915 1837 sollemnis
945 1778 1070 1837 formula
1097 1778 1190 1835 inter·

10 1926 21 1958 Ι,
54 1879 204 1950 pretationi
229 1896 247 1939 a
273 1879 357 1938 nobis
383 1880 550 1953 propositae
571 1894 629 1938 non
649 1883 803 1953 repugnat,
825 1894 889 1936 eum
909 1877 954 1936 bis
976 1875 1072 1935 verbis
1091 1872 1138 1934 lar
1161 1878 1192 1933 et

16 2005 25 2057 3
55 1978 92 2035 eal
111 1978 191 2037 inter
211 1994 242 2036 se
263 1980 355 2038 mixta
375 1978 529 2038 videantur
550 1977 709 2053 algnifioari
734 1974 787 2047 (af.
809 1977 890 2036 Fest.
911 1993 942 2048 p;
966 1977 1041 2047 1583
1064 1973 1140 2032 Non.
1162 1989 1192 2047 p.

12 2107 21 2159 3
55 2077 123 2149 tae;
157 2078 295 2147 Klausen,
330 2078 445 2137 Aeneas
473 2078 503 2136 II
531 2095 560 2150 p.
591 2080 650 2137 633
681 2077 769 2151 squ).
813 2076 925 2135 Eodem
952 2071 1013 2135 fere
1035 2074 1119 2133 modo
1140 2089 1194 2147 pro
1280 2149 1285 2158 ἱ

11 2214 18 2242 ι
55 2172 125 2238 urse
158 2182 188 2236 et
219 2179 279 2238 sale
307 2180 338 2237 in
367 2181 440 2238 aetis
459 2175 583 2239 fratrum
604 2179 753 2237 Arvalium
782 2176 910 2236 breviter
938 2174 1016 2235 dieta
1043 2178 1088 2232 est
1112 2166 1196 2231 mota

19 2304 24 2337 τ
54 2275 245 2357 (οἱ-Ηθηῑθη,
267 2278 344 2339 Aeta
364 2275 447 2337 fratr.
469 2279 568 2338 Arval.
593 2280 672 2336 1874
692 2295 721 2350 p.
744 2279 783 2337 93
806 2273 874 2350 sq.).

128 2427 288 2486 Praeterea
311 2426 418 2485 dixerit
439 2427 583 2500 quispiam
609 2417 725 2484 Oreum
747 2417 889 2483 tamdem
911 2428 940 2501 3,
963 2427 1003 2484 38
1025 2439 1193 2499 expressum

52 2538 109 2584 esse
131 2542 168 2589 ex
188 2526 321 2597 Horatio,
343 2526 421 2600 apud
443 2543 528 2598 quem
550 2526 627 2585 idem
648 2525 757 2598 legitur
778 2542 802 2584 a.
816 2524 869 2597 III,
892 2526 922 2595 4,
947 2527 1002 2595 743
1025 2523 1078 2582 sed
1099 2523 1193 2582 simile

10 2620 17 2705 J
52 2624 115 2696 quid
142 2625 201 2683 iam
228 2627 258 2684 in
288 2625 411 2700 Vergilii
439 2623 588 2699 Georgicis
617 2629 723 2692 exstat,
752 2625 783 2703 in
812 2640 935 2697 quorum
963 2623 1013 2682 lib.
1040 2622 1055 2680 I
1085 2639 1110 2680 v.
1132 2624 1194 2681 277

10 2720 12 2727 '
54 2713 154 2781 Oreas
178 2718 324 2803 pallidae
352 2726 474 2798 legitur3
508 2716 635 2781 luridae
668 2727 764 2782 autern
787 2724 903 2798 saepius
926 2723 1004 2798 apud
1025 2721 1193 2781 Lucretium

52 2824 103 2880 nee‘
123 2839 182 2882 uon
198 2825 280 2895 apud
295 2824 426 2883 Ovidium
449 2820 500 2899 (al.
521 2826 593 2884 Met.
611 2824 691 2896 XIV,
709 2824 785 2895 747)
807 2840 861 2897 pro
882 2841 918 2882 eo
939 2822 1014 2896 quod
1037 2829 1080 2882 est
1102 2821 1196 2895 ,valde

52 2921 96 2980 vel
115 2937 202 2995 supra
222 2923 337 2983 modum
358 2921 493 2996 pallidus‘
517 2924 651 2982 ooeurrit.
695 2919 817 2983 Constat
841 2924 932 2997 igitur
962 2921 1035 2981 nihil
1056 2925 1135 2980 oerto
1159 2936 1194 2979 ex

53 3020 166 3082 Horatii
188 3022 360 3083 carminibus
382 3023 586 3097 depromptum
608 3039 679 3082 esse.
723 3023 780 3082 Vix
802 3021 906 3082 addam
938 3036 1062 3081 neeesse
1078 3026 1121 3079 est
1141 3019 1195 3105 has

51 3121 185 3196 vulgares
213 3122 334 3195 phrases
361 3123 448 3182 etiam
476 3124 506 3180 in
534 3122 633 3182 Flacci
654 3122 735 3182 libris
757 3137 926 3183 occurrere:
971 3112 1076 3179 dulces
1098 3113 1196 3177 amici

53 3223 119 3298 6,9.
161 3224 233 3282 Hor.
254 3223 314 3281 Sat.
340 3223 363 3291 l,
394 3226 422 3289 3,
447 3223 495 3281 69.
538 3221 594 3297 Ep.
616 3221 639 3292 I,
664 3223 693 3295 7,
720 3225 767 3280 12.
811 3221 862 3280 Ov.
894 3219 1034 3280 exPont.
1057 3219 1081 3290 I,
1105 3221 1133 3289 8,
1157 3221 1194 3277 31

53 3315 104 3397 (ef.
126 3314 229 3381 douo
251 3315 403 3380 amiculas
426 3320 490 3381 Oet.
511 3322 606 3394 XXX,
626 3321 676 3395 2);
706 3313 842 3379 blandae
861 3336 971 3399 praees
993 3321 1021 3388 3,
1043 3319 1072 3376 2.
1096 3320 1124 3391 6,
1147 3319 1197 3377 46.

50 3421 123 3481 Hor.
149 3439 174 3481 a.
203 3422 253 3495 IV,
285 3426 311 3492 1,
333 3425 362 3480 3.
403 3423 440 3480 A.
462 3419 496 3478 P.
520 3423 590 3481 395.
635 3420 685 3479 Ον.
709 3419 852 3491 Henfll,
876 3420 926 3479 30.
971 3418 1007 3478 A.
1031 3418 1066 3477 A.
1089 3418 1111 3488 I,
1135 3419 1197 3476 710

15 3504 18 3511 ¹
50 3519 167 3589 (eodem
194 3537 293 3580 versus
321 3522 408 3594 loeo).
452 3521 525 3580 Met.
553 3521 590 3596 X,
618 3523 693 3593 6423
730 3536 810 3582 aare
835 3512 945 3599 praello
972 3522 999 3589 6,
1032 3521 1080 3575 12.
1124 3517 1197 3576 Hor.

16 3686 19 3691 ¹
51 3617 107 3693 Ep.
135 3622 158 3694 I,
191 3625 238 3692 13,
269 3624 318 3680 74.
360 3620 424 3680 Tib.
446 3618 470 3693 I,
493 3623 523 3692 2,
547 3621 596 3677 93.
638 3617 726 3693 Prop.
748 3618 786 3677 H.
810 3620 838 3687 3,
864 3621 900 3689 13
934 3611 1040 3676 dalcae
1060 3608 1145 3673 modi
1167 3618 1196 3685 4,

50 3724 101 3780 42.
145 3721 216 3782 Hor.
238 3740 263 3783 a.
286 3722 339 3797 111,
362 3724 389 3792 a,
414 3724 462 3781 10.
505 3717 555 3779 ov.
578 3718 657 3778 rest.
679 3718 703 3790 1,
723 3721 784 3779 444
806 3715 922 3793 (eodem
943 3732 1042 3778 versus
1063 3713 1162 3789 loca).

136 3969 227 4042 Quam
256 3974 322 4028 arta
348 3968 546 4031 familiaritate
575 3965 722 4026 coniuncti
750 3964 859 4026 fuerint
887 3964 1007 4026 Ovidius
1037 3968 1067 4023 et
1088 3956 1196 4020 Pro-

10 4074 14 4111 ἱ
47 4064 222 4148 pertiae,
256 4068 436 4131 demonstrat
466 4070 531 4144 ipse
563 4065 680 4127 Ovidius
712 4066 742 4125 in
774 4066 862 4125 Trist.
890 4064 941 4126 lib.
970 4063 1012 4124 IV
1039 4080 1065 4123 e.
1104 4066 1142 4123 10
1171 4077 1197 4121 u.

10 4170 29 4203 “·
52 4170 92 4227 45
114 4174 145 4229 et
166 4170 223 4227 46:
