2656 4716
618 218 767 305 *ᾗ

122 418 222 483 ditum,
244 415 321 488 quod
343 415 368 472 si
389 413 461 472 bene
484 413 590 472 cultum
611 411 707 484 fuerit,
732 429 811 486 spem
833 411 926 473 bonae
947 413 1039 488 frugis
1062 415 1195 474 daturum

121 515 188 577 Non
211 533 247 574 ex
268 514 366 588 quovis
387 514 466 587 ligno
488 512 521 570 fit
542 513 657 586 Apollo,
701 513 763 572 Iam
785 512 928 572 Tibullum
955 515 1085 573 iuvenem
1107 515 1167 574 eius
1187 529 1212 570 m

122 618 252 677 carmina
273 613 399 674 scribere
419 612 467 671 vix
489 629 523 672 ac
543 629 579 672 nc
600 614 647 673 vix
669 612 783 687 quidem
804 616 931 685 potuisse
954 615 1101 686 concedet,
1124 614 1208 687 quib

121 715 362 777 consideraverit:
406 713 494 773 Ruris
515 729 598 773 amor
618 721 648 774 et
669 712 792 789 agrestis
814 712 890 771 vitae
912 712 1057 787 dulcisque
1080 715 1132 773 otii
1153 713 1209 772 desi

120 818 195 875 rium
217 832 282 875 cum
302 815 333 873 in
355 812 549 886 compluribus
570 815 662 886 poetis
683 815 818 889 Augusto
832 811 998 886 aequalibus
1013 809 1155 872 fervidum
1168 812 1197 872 iu

121 919 152 974 in
173 915 251 975 nullo
272 921 332 974 mm
353 918 418 973 erat
437 911 544 973 ardens
564 918 704 986 tantaque
724 930 789 972 cum
811 915 886 972 vitae
914 911 1046 972 urbanae
1074 918 1104 971 et
1132 913 1209 987 pubb

97 1014 336 1088 'contemptione
359 1014 545 1079 ,coniunctum
573 1029 658 1086 quam
687 1014 718 1072 iu
746 1012 867 1073 Tibullo.
912 1010 966 1070 (lui
994 1014 1071 1072 ruris
1097 1015 1189 1072 amori

120 1116 280 1190 puellarum
301 1129 431 1173 amorem
452 1112 608 1185 addideris,
631 1112 811 1190 Tibullianae
832 1114 929 1186 poesis
950 1110 1012 1171 fera
1033 1127 1209 1172 summane

120 1218 203 1278 caris
211 1214 233 1291 ¹)
275 1213 424 1273 Describit
445 1213 521 1273 enim
542 1214 660 1285 negotia
679 1214 798 1286 rustica,
813 1214 967 1287 religiones
984 1229 1081 1274 rerum
1096 1215 1202 1288 agresti

120 1319 240 1378 deorum
268 1314 356 1374 festos
381 1313 453 1385 dies,
482 1311 694 1385 simplicitatem
716 1329 842 1383 auream,
867 1319 897 1372 et
918 1320 1064 1389 tamquam
1085 1314 1167 1374 filum
1183 1310 1243 1375 coni

118 1416 271 1490 positionis
298 1430 351 1486 per
379 1414 488 1472 omnia·
508 1412 636 1471 carmina
669 1412 842 1473 interlucent
868 1417 963 1474 teneri
990 1422 1024 1474 et·
1048 1415 1128 1474 beati
1160 1417 1243 1475 amori

118 1517 252 1580 affectus,
271 1514 310 1573 ad
342 1528 413 1585 quos
434 1512 554 1571 taudem
575 1512 672 1571 omnia
692 1516 874 1572 revocantur.
918 1514 1030 1575 Similia
1049 1515 1159 1576 frustra
1180 1531 1243 1589 quac

119 1630 168 1674 ras
194 1615 224 1672 in
255 1611 330 1672 libro
354 1611 456 1682 terti03
487 1609 524 1669 de
552 1612 632 1669 cuius
662 1616 832 1685 argumento
854 1616 962 1686 optime
981 1616 1121 1676 iudicavit
1142 1617 1243 1676 Vassis

119 1716 251 1774 versione
269 1709 378 1771 ¹Tibulli
406 1729 435 1785 p.
458 1709 514 1769 XV
534 1707 625 1782 praef.
649 1711 736 1778 baec:
781 1711 852 1784 ,Der
877 1713 1044 1774 Liebhaber
1071 1716 1125 1775 der
1150 1718 1243 1776 Nesus

112 1814 197 1884 -singt
222 1811 283 1869 sein
310 1808 478 1868 trockeues:
522 1809 573 1868 Ich
600 1808 686 1878 liebe,
708 1810 768 1868 und
786 1811 884 1871 ¹werde
909 1815 1108 1888 verscbmaht;
1139 1816 1189 1874 ich
1208 1806 1242 1874 ul

118 1911 247 1970 sterben.
290 1910 359 1968 Wo
375 1909 415 1966 ist
443 1907 551 1968 friacbe
577 1908 797 1984 Lebendigkeit
824 1913 854 1970 in
882 1913 936 1972 der
955 1911 1166 1990 Ausiuhrung?
1209 1914 1242 1989 wc

119 2011 167 2071 die
182 2024 324 2081 parmen,
346 2010 399 2069 mit
428 2008 499 2068 Sinn
522 2009 755 2083 ausgehobenen
782 2011 860 2085 Ztge
882 2011 936 2071 der
962 2019 1065 2074 treuen
1079 1992 1242 2076 .Sebnsuc¹

117 2112 170 2172 des
191 2109 363 2171 beimlichen
385 2108 633 2184 Verstandnissss,
655 2109 707 2167 der
723 2108 919 2170 -crlindsamen
940 2113 1023 2173 Lista
1045 2114 1134 2174 durch
1154 2117 1211 2175 wel

119 2210 222 2281 Tibull‚
234 2204 430 2282 zb'egunstiget
451 2207 522 2266 oder
542 2207 719 2282 verdrtngt,
731 2211 809 2269 seina
830 2210 920 2271 Liebe
941 2215 1068 2288 weniger
1086 2215 1202 2274 erklart

117 2307 274 2370 darstellt?
317 2306 373 2367 Wo
396 2323 450 2365 nur
472 2308 519 2365 ein
540 2307 617 2366 Laut
634 2309 716 2381 jones
738 2308 801 2367 dem
824 2311 920 2370 Tibull
942 2315 1062 2389 eigenen
1077 2295 1200 2374 Geiahls

117 2407 330 2479 Lundliehteit,
359 2403 408 2464 itir
435 2407 488 2466 der
513 2406 645 2466 Ackerer
674 2408 735 2467 und
760 2408 865 2470 Hit-ten
893 2412 1099 2486 unschuldiges
1121 2415 1202 2475 Veris

116 2509 164 2568 far
183 2508 235 2568 die
252 2505 348 2566 Fest'c·
366 2505 639 2580 darznandgctter,
655 2506 704 2567 ftis
719 2507 779 2577 die
802 2509 1056 2571 alterthdmlichen
1084 2513 1184 2574 Laren

117 2604 322 2673 Vaterbauses,
342 2603 401 2663 fdr-
413 2603 461 2663 die
483 2605 635 2665 einfachen
654 2604 821 2668 Erbsblcke
834 2609 888 2668 der
901 2610 1032 2683 Familie,
1053 2610 1103 2671 idr
1124 2616 1242 2675 seinetl

117 2702 444 2782 lugenderinncrungen
463 2704 561 2763 reicha
581 2705 743 2777 Flur,-uud
762 2723 820 2766 uas
834 2708 881 2767 die
894 2710 1043 2770 Messrute
1058 2711 1111 2770 der
1126 2712 1242 2774 Saldatat

116 2807 176 2866 ilum
197 2801 407 2865 entiremdetei
450 2802 547 2865 Selbst
570 2821 616 2864 wo
644 2805 822 2878 iruuenden
842 2805 949 2867 Aulass
969 2824 1039 2884 aar,
1069 2811 1124 2869 der
1150 2810 1241 2873 Nau

112 2906 164 2966 die
175 2906 255 2964 narb
268 2903 321 2963 der
333 2902 548 2980 Verehlichung
567 2906 609 2964 sie
627 2903 828 2964 aruartenden
839 2905 1045 2967 Landireuden
1057 2926 1095 2968 zu
1109 2911 1241 2971 scbildem

116 3006 198 3082 gisla
219 3006 266 3063 ihr
286 3004 398 3078 Slluger
418 3004 449 3063 in
470 3004 524 3063 der
544 3005 655 3063 dritten
675 3003 778 3077 Elegie
798 3021 855 3064 nur
869 3006 1116 3082 Gemeinspruche
1129 3008 1241 3071 dberdi

115 3099 297 3178 Nichtigkeit
331 3105 444 3165 reicber
481 3105 664 3179 Besinungen
691 3119 730 3163 au
764 3103 1008 3178 Marmorpalaat,
1042 3109 1241 3182 eintrtglichct

118 3205 237 3278 Gefilde,
263 3204 347 3277 Gold,
370 3203 475 3264 Perlen
503 3205 563 3264 und
577 3202 721 3278 ¹Puupur,
746 3203 806 3264 uud
823 3205 958 3265 schliesst
983 3208 1037 3266 mit
1064 3208 1127 3268 derb
1151 3207 1241 3267 kabla

66 3330 70 3337 “
117 3304 227 3366 Ausruf
244 3304 310 3380 (111,
334 3305 361 3377 3,
384 3299 535 3381 23-au):

150 3419 153 3423 ¹
265 3404 317 3486 llllr
335 3434 375 3485 sci
393 3446 450 3484 arm
468 3432 629 3483 hausbalten
646 3433 695 3485 mit
714 3426 756 3484 dir
772 3433 815 3485 ain
833 3433 971 3504 Behsgen,
990 3438 1100 3490 Neaera.

312 3518 390 3572 Olina
408 3516 471 3569 dlcb
491 3522 582 3570 waren
600 3519 650 3569 mir
668 3519 737 3570 auch
755 3521 986 3589 Kbnigeswtlrden
1005 3525 1143 3578 rsrbasst‘
1237 3532 1240 3557 ³

110 3623 113 3627 ⁵
200 3642 353 3715 Quantum,
374 3640 464 3713 igitur
492 3638 529 3699 ab
559 3639 614 3699 hcc
642 3639 731 3699 disat
759 3639 888 3701 Tibullus
908 3644 985 3702 vitae
1013 3626 1143 3706 rusticae
1171 3649 1213 3706 lac

115 3758 236 3815 rumque
265 3755 394 3800 amorum
422 3754 528 3813 praeco
558 3736 733 3800 indefessus!
779 3742 858 3815 Quae
887 3742 994 3815 ingenii
1015 3743 1128 3804 indoles
1150 3745 1206 3804 iam

116 3845 217 3918 primis
246 3837 421 3901 carminibus
451 3854 469 3898 a
499 3837 614 3898 Tibullo
646 3841 811 3914 compositis
840 3842 991 3916 perspicue
1021 3849 1153 3917 apparet.

188 4121 208 4186 ¹)
227 4121 302 4172 Mitto
322 4123 392 4173 anim
411 4122 573 4186 Marathum,
593 4102 668 4176 cuius
686 4140 760 4176 amor
773 4125 806 4177 ad
820 4140 877 4177 eam
896 4125 929 4178 da
947 4140 1001 4193 qna
1020 4129 1112 4196 agitur
1129 4144 1185 4181 ram
1201 4086 1240 4189 nd:

116 4207 169 4258 lius
186 4206 243 4258 fare
261 4209 387 4260 momenti
404 4215 452 4260 est.
