2656 4716
586 176 753 276 gr„

109 387 244 460 pretatio,
268 402 303 445 ex
323 402 379 457 qua
399 387 424 444 is
444 386 493 457 qui
513 400 631 443 carmen
651 385 782 457 quintum
803 386 962 457 composuit
984 385 1115 445 Ovidium
1128 391 1214 460 putat,

109 488 235 545 imitatus
264 502 341 555 esse,
368 486 485 543 minime
506 485 654 558 probanda
678 490 730 542 est.
774 485 866 557 Quam
887 492 919 543 ut
938 477 1161 558 probabiliorem
1238 468 1240 473 ⁵

111 586 201 657 deret,
225 585 308 643 Belle
329 586 359 643 in
380 585 476 644 libello
510 583 565 656 ,De
586 584 727 659 Lygdami
757 585 942 644 carminibus‘
972 585 1143 645 Detmoldae
1167 588 1220 644 187
1276 575 1279 579 ’

108 687 215 759 scripto
242 686 438 745 demonstrare
469 685 595 757 studuit,
625 687 664 754 ,in
698 684 880 744 elaborandis
913 684 1086 744 carminibus
1129 690 1236 758 poetau
1277 688 1282 724 :

110 802 168 845 nun
196 791 254 844 tam
283 785 504 844 describendum
526 770 622 844 verum
652 801 778 845 amorem
800 792 829 843 et
851 785 1083 845 commovendam
1106 785 1236 844 Neaeram
1277 785 1283 820 l

110 884 165 947 sibi
185 887 367 958 proposuisse
389 899 474 958 quam
496 886 614 956 phrases
636 885 810 960 colligendas
830 886 1054 962 imitandumque
1072 882 1220 943 Tibullum‘
1264 900 1270 917 ¹

111 985 208 1057 itaque
229 987 334 1057 omnia,
358 1000 431 1057 quae
452 986 616 1058 legerentur
636 986 666 1043 in
688 985 869 1052 carminibus,
893 992 922 1045 et
950 1001 1077 1043 amorem
1106 982 1233 1057 Lygdum
1274 980 1283 1020 “-

111 1090 139 1142 et
162 1086 311 1157 epistolam
332 1084 369 1143 ad
390 1087 497 1144 amieos
518 1086 615 1144 datam
629 1091 659 1143 et
673 1102 779 1145 annum
799 1085 926 1143 natalem
947 1091 1097 1156 totumque
1119 1099 1170 1142 sex
1191 1083 1235 1142 ele-¹
1265 1089 1280 1127 ί)

111 1185 223 1257 garum
246 1190 453 1259 argumentum,
475 1200 537 1244 esse
557 1181 653 1243 efficta
673 1186 834 1245 statuenda.
865 1185 943 1256 Quae
964 1185 1108 1243 sententia
1128 1182 1233 1242 eumad
1260 1171 1283 1220 ³¹

112 1288 224 1343 ceteras
252 1291 370 1356 praeter
399 1285 528 1356 quintum
554 1284 622 1342 libri
644 1286 725 1343 tertii
745 1286 851 1358 elegias
872 1287 968 1358 aliqua
988 1283 1232 1342 verisimilitudine
1280 1284 1283 1289 '

112 1385 206 1455 specie
228 1385 357 1443 adbiberi
378 1401 461 1458 posse
476 1385 615 1457 videatur,
639 1385 717 1443 nullo
740 1383 825 1442 modo
846 1383 970 1458 quadrat
990 1386 1020 1442 iu
1041 1385 1174 1456 quintum
1184 1399 1235 1442 earn
1259 1378 1283 1432 Ξ

112 1499 189 1554 men,
218 1484 252 1542 de
280 1501 336 1558 quo
365 1485 485 1559 agimus,
515 1487 648 1557 quoniam
677 1485 750 1544 haec
781 1483 903 1558 epistola
931 1491 1010 1544 certo
1039 1485 1076 1542 ad
1106 1484 1236 1542 amicost
1262 1493 1277 1535 71

112 1588 198 1656 poeta
219 1591 248 1642 et
269 1587 376 1656 scripta
397 1589 426 1642 et
447 1585 589 1644 data-est.
625 1585 701 1644 Nam
720 1585 799 1642 nullo
822 1583 907 1641 modo
929 1584 998 1641 mihi
1020 1583 1237 1656 persuadebitur,
1265 1592 1283 1621 ⁵

112 1689 144 1741 ut
173 1685 248 1742 hauc
277 1684 444 1757 epistolam,
472 1701 546 1757 quae
567 1685 719 1743 veritatem
741 1700 837 1742 rerum
859 1699 894 1742 ac
916 1699 1049 1768 sensuum
1071 1684 1240 1756 apertissime
1264 1696 1283 1735 ;.·

96 1799 182 1857 vprae
203 1799 232 1842 se
253 1782 339 1855 ferat,
362 1785 432 1843 nihil
453 1784 531 1843 aliud
554 1799 615 1842 esse
636 1791 735 1857 putem
756 1784 810 1841 nisi
830 1788 978 1854 tamquam
996 1784 1164 1841 exercitium
1186 1782 1240 1840 rbe·
1275 1797 1283 1825 ⁴

112 1885 233 1942 soricum
256 1884 402 1943 cuiusdam
425 1885 565 1958 discipuli,
587 1887 635 1956 qui
656 1889 690 1942 ut
711 1883 854 1942 Tibullum
875 1884 1046 1954 imitaretur,
1062 1883 1137 1942 hanc
1158 1881 1242 1941 morbi
1263 1895 1270 1930 ι

113 1981 240 2042 fabulam
255 1984 469 2058 excogitaverit.
506 1985 605 2058 ltaque
619 1983 796 2045 confidenter
811 1983 1011 2042 contendimus
1031 1981 1151 2042 fideliter
1166 1999 1244 2040 suum

106 2064 219 2142 ‘annum
240 2085 366 2142 natalem
389 2085 541 2142 tradidisse
561 2090 676 2157 poetam
698 2083 833 2140 carminis
855 2083 955 2154 quinti.

133 2173 135 2177 ’
197 2181 268 2241 Cum
289 2184 378 2258 igitur
400 2185 461 2241 veri
482 2201 540 2242 non
561 2183 598 2240 sit
619 2182 712 2241 simile
733 2187 847 2255 poetam
869 2183 992 2255 aliquem
1019 2183 1054 2242 de
1077 2182 1176 2242 Ovidiu
1197 2182 1244 2240 bos
1269 2191 1271 2234 i

115 2298 215 2341 versus
242 2283 375 2340 servilem
406 2284 435 2339 in
464 2282 578 2342 modum
612 2282 837 2355 deprompsisse,
867 2289 962 2341 utrum
990 2272 1107 2345 Ovidius
1137 2297 1245 2341 carmen

116 2382 240 2440 alienum
270 2383 454 2454 exscripserit
481 2400 571 2442 necne
596 2384 725 2440 exoritur
756 2385 894 2454 quaestio.
938 2383 1020 2455 Quod
1040 2382 1076 2441 ab
1100 2383 1201 2441 Ovidio
1219 2397 1244 2440 re

115 2499 182 2542 vera
210 2480 317 2541 factum
345 2498 406 2541 esse
427 2484 557 2555 plerique
579 2501 614 2542 ex
634 2483 702 2540 viris
724 2483 815 2541 doctis
836 2483 921 2542 bodie
941 2484 983 2541 ita
1005 2485 1198 2554 consentiunt,
1218 2485 1242 2540 ut
1273 2497 1283 2548 ·;

116 2581 297 2656 Lygdamum
324 2584 466 2656 quendam
501 2588 617 2655 poetam
650 2590 775 2643 ceterum
807 2583 952 2656 ignotum,
983 2585 1032 2656 qui
1054 2579 1164 2642 ⁴eodem
1195 2596 1241 2658 quo
1270 2597 1283 2633 t

117 2682 234 2741 Ovidius
264 2699 340 2742 anno
371 2689 455 2741 natus
485 2682 582 2752 fuerit,
610 2683 645 2740 ab
674 2681 775 2741 Ovidio
796 2683 893 2741 servili
913 2683 997 2742 modo
1020 2699 1185 2755 expressum
1204 2682 1241 2740 vel
1269 2694 1283 2732 1

117 2783 301 2854 compilatum
324 2800 385 2842 esse
407 2789 550 2842 censeant.
594 2783 649 2842 Sed
671 2784 695 2840 si
710 2781 827 2842 Ovidius
849 2783 902 2841 hos
922 2799 1018 2842 versus
1038 2785 1240 2843 imitandoex-
1270 2797 1283 2835 ῑ

115 2884 231 2955 pressit,
261 2889 378 2955 poetam
407 2885 543 2942 carminis
563 2885 655 2956 quinti
676 2899 763 2942 unum
785 2884 830 2942 vel
852 2901 888 2942 ex
909 2883 1015 2942 intimis
1036 2883 1131 2943 Ovidii
1154 2883 1240 2945 amicis
1271 2910 1283 2934 ι

117 2981 161 3038 vel
182 2999 218 3040 ex
239 2983 433 3042 celeberrimis
456 2985 592 3058 exemplis
612 2984 709 3058 luisse,
728 3001 811 3058 quem
826 2992 1010 3058 praematuro
1030 2985 1146 3059 ingenio
1169 2999 1242 3058 pree·
1271 2981 1283 3035 ἑ

117 3079 208 3138 ditum
236 3082 352 3142 Ovidius
381 3085 456 3144 tanti
485 3085 660 3156 aestimaret,
690 3090 723 3141 ut
744 3101 807 3144 eum
829 3100 886 3142 non
909 3085 993 3143 modo
1022 3086 1051 3142 in
1078 3083 1244 3144 carminibus
1273 3094 1283 3132 ι

117 3181 233 3240 iuvenili
262 3189 356 3242 aetate
385 3185 477 3256 pactis
505 3184 555 3242 sed
584 3185 671 3243 etiam
701 3201 764 3244 cum
791 3184 936 3259 relegatus
959 3190 1126 3242 versaretur
1148 3183 1243 3252 Tomis,
1273 3196 1283 3234 ι

116 3282 287 3355 imitaretur,
310 3289 389 3344 certo
410 3285 493 3343 nobis
514 3288 558 3343 est
580 3284 773 3354 statuendum.
818 3282 899 3344 Sane
913 3285 1000 3357 leone,
1031 3285 1079 3358 qui
1101 3288 1193 3344 exstat
1214 3284 1243 3340 in
1276 3295 1283 3327 ι

118 3377 168 3438 0v.
188 3383 275 3440 Trist.
296 3384 346 3457 IV,
374 3386 419 3457 10,
443 3387 476 3441 41
503 3388 532 3444 et
553 3385 608 3440 42:
1278 3393 1283 3400 ⁴

313 3503 561 3589 tempestatibus
582 3503 663 3567 colui
682 3505 808 3591 fovique
822 3516 943 3590 poetas,

339 3619 468 3692 quotque
490 3605 623 3670 aderant
645 3618 738 3684 caim,
760 3605 855 3670 rebar
877 3605 984 3670 adesse
1006 3603 1078 3668 deos

119 3742 148 3795 et
169 3736 238 3796 ibid.
258 3755 284 3795 v.
309 3738 362 3796 55:

279 3868 372 3940 utque
393 3875 445 3940 eqo
466 3857 609 3939 maiores,
631 3858 675 3920 sic
696 3878 744 3920 me
765 3855 885 3920 coluere
907 3859 1048 3936 minores,

121 4003 176 4061 qua
196 3987 304 4060 pietate
326 3995 355 4047 et
377 3997 482 4062 quanto
505 3990 600 4049 studio
621 3991 755 4062 aequales
774 3995 874 4060 poetas
896 3990 1044 4062 amplexus
1067 3989 1105 4047 sit
1125 3987 1207 4049 Naso
1228 3969 1253 4046 et

121 4087 250 4159 coluerit,
272 4087 431 4149 luculenter
453 4088 659 4148 demonstrant.
696 4089 785 4161 Quem
806 4107 870 4148 cum
891 4094 984 4147 totum
1005 4087 1091 4148 fuisse
1103 4087 1132 4147 in
1149 4087 1253 4151 Tibul

119 4187 213 4249 studio
241 4188 317 4247 iuter
343 4205 440 4248 omnes
469 4192 592 4264 constet,
619 4204 656 4255 ne
683 4190 759 4249 hunc
787 4190 900 4263 quidem
922 4195 981 4248 tarn
1009 4188 1141 4253 servilem
1171 4194 1253 4259 etque
