2656 4716
706 235 724 292 6

638 314 786 323 ----

234 437 327 501 Porro
348 437 476 508 Ovidius,
499 439 547 499 ubi
569 443 669 512 poetas
692 440 832 513 elegiacos
852 445 1012 509 enumerat,
1035 436 1180 497 Tibullum
1194 435 1277 515 spisse

143 539 283 598 maiorem
310 545 381 598 natu
408 537 562 611 Propertio
591 544 620 598 et
646 539 724 598 huno
750 539 888 597 maiorem
910 538 1009 598 Ouidio
1036 539 1098 610 ipso
1119 537 1206 596 Trist.
1228 537 1272 603 IV,
1308 556 1316 564 ·

127 639 196 711 ‚10,
219 640 255 696 51
281 655 341 711 sqq.
363 639 466 698 tradit:

319 771 490 858 Vespilium
510 773 580 840 uidi
599 787 735 853 inultum
755 795 812 838 nea
833 797 947 838 amaru
971 771 1090 836 Tibullo

383 883 501 960 tempus
521 875 677 940 amicitiae
696 871 772 957 fatu
791 871 902 937 dedere
923 895 1017 937 meae.

307 995 462 1038 successor
474 965 547 1059 suit
567 973 617 1039 ltin
638 975 702 1052 lili,
726 970 833 1037 Galle:
853 971 1035 1056 Propertius
1056 971 1122 1052 tiit·
1166 1027 1168 1032 .

366 1086 497 1156 quartae
518 1073 558 1138 ab
578 1073 628 1137 leia
647 1075 729 1138 oera'e
750 1075 895 1158 temporis
914 1073 979 1157 ipse
991 1071 1061 1159 fui.

230 1219 362 1293 Denique
382 1221 503 1296 legimus
524 1201 603 1296 apud¹
622 1223 743 1283 eundem
765 1219 864 1298 (Trist.
879 1221 917 1294 11,
933 1219 1006 1292 463)
1029 1219 1137 1279 Tibulli
1155 1220 1276 1279 carmina

141 1317 209 1377 ‚iam
232 1325 292 1378 tum
311 1319 399 1380 fuisse
420 1327 499 1395 nota,
522 1339 586 1383 eum
606 1323 755 1398 Augustus
775 1323 909 1396 princeps
930 1322 1142 1380 nominaretur}

659 1459 831 1544 lepiturque
855 1457 997 1522 Tibullus

362 1569 389 1620 et
404 1557 523 1642 placet,
545 1571 573 1621 el
593 1559 658 1622 iam
679 1570 707 1622 te
723 1558 870 1642 principe
888 1569 980 1620 uetus
1000 1568 1076 1620 erat.
1108 1631 1111 1640 ‚

230 1706 293 1766 Iam
321 1723 385 1766 oum
412 1708 559 1780 Angustus
588 1723 663 1768 anno
691 1710 827 1768 vioesimo
852 1713 919 1766 ante
948 1703 1016 1763 Chr.
1036 1708 1096 1763 nat.
1126 1709 1157 1761 et
1184 1709 1281 1762 octauo

147 1805 271 1877 primum
292 1800 444 1884 princeps
471 1812 596 1864 seualus
626 1808 815 1879 salutaretur,
847 1804 974 1866 nondum
1009 1805 1104 1878 posita
1134 1808 1282 1874 praetexte
1315 1866 1326 1873 ,

148 1905 271 1979 gloriam
292 1921 326 1964 ac
346 1906 462 1965 laudem
484 1906 539 1965 sibi
560 1914 757 1979 comparasset
776 1906 904 1966 Tibullus
925 1905 1032 1979 elegiis.
1316 1965 1326 1995 4

232 2005 285 2063 His
314 2007 490 2078 argumentis
520 2007 661 2066 accedunt
690 2008 749 2066 alia
776 2006 928 2081 leviora¹)‚
951 2021 1024 2078 quae
1048 2004 1143 2063 omnia
1169 2018 1204 2060 eo
1231 2018 1284 2060 nos
1317 2048 1326 2073 ,

148 2103 264 2177 ducunt,
293 2109 325 2165 ut
356 2105 502 2164 Tibullum
530 2121 606 2165 anno
635 2107 674 2162 43
704 2112 803 2165 uatum
831 2120 894 2164 esse
919 2120 977 2163 uon
1004 2118 1090 2177 posse
1118 2107 1283 2161 statuamus.

149 2205 214 2278 Qua
234 2205 270 2264 de
291 2221 323 2263 re
349 2221 413 2264 tum
442 2204 574 2278 plurimis
601 2205 728 2264 virorum
756 2204 904 2265 doctorum
931 2204 1094 2278 conveniat,
1124 2202 1173 2261 alii
1200 2201 1287 2258 aliter

149 2319 212 2363 rem
233 2303 369 2378 expedire
392 2305 488 2364 eonati
509 2319 582 2365 sunt.
618 2305 690 2364 Pars
712 2305 788 2365 enim
808 2305 933 2379 pessima
953 2304 998 2363 vel
1020 2302 1220 2362 emendatione
1241 2299 1287 2358 uel

148 2403 390 2476 interpretatione
416 2405 512 2464 versui
543 2407 580 2464 18
609 2402 789 2482 succurrunt,
819 2402 1071 2482 paratioribus
1098 2404 1165 2459 sunt
1187 2400 1286 2472 Spohn

148 2502 222 2563 Fuss
242 2504 302 2577 alii,
318 2503 495 2580 Scaligerum
508 2503 635 2565 Dousam
648 2505 785 2580 Vulpium
803 2503 1018 2564 Broukhusium
1032 2501 1175 2575 Heynium
1196 2500 1287 2558 secuti

150 2621 215 2664 cnm
242 2607 448 2678 interpolatum
476 2623 512 2667 ex
540 2607 633 2665 Ovidii
663 2607 727 2666 loeo
757 2605 992 2679 supralaudato,
1014 2601 1286 2673 utlacunaexple·

149 2708 240 2777 retur,
262 2705 340 2764 huno
359 2721 473 2764 versum
500 2711 610 2780 putent,
640 2706 746 2765 tollunt
765 2710 798 2764 ut
818 2705 957 2778 spurium.
1000 2701 1057 2761 Sed
1077 2703 1102 2759 si
1122 2701 1179 2758 hoc
1200 2699 1284 2759 modo

151 2805 297 2878 corrigere
328 2805 467 2874 volueris,
501 2822 559 2867 non
589 2807 679 2867 solum
708 2805 756 2863 hio
786 2820 883 2864 versus
910 2807 1090 2879 pentameter
1118 2801 1169 2860 sed
1200 2799 1286 2859 etiam

151 2904 318 2966 hexameter
342 2910 428 2978 atque
455 2909 550 2965 totum
581 2905 722 2966 distichon
751 2904 927 2981 praecedens
955 2919 1009 2963 nee
1036 2917 1094 2959 non
1121 2903 1285 2975 insequens,

151 3019 224 3076 quae
255 3004 355 3064 eadem
382 3005 528 3077 paululum
555 3008 667 3067 variata
693 3007 769 3082 apud
790 3005 924 3066 Ovidium
943 3001 992 3077 (of.
1013 2999 1101 3076 infra)
1123 3003 1286 3070 occurrunt,

151 3104 326 3163 removenda
348 3103 401 3162 tibi
417 3112 508 3164 erunt.
541 3104 628 3166 Nulla
648 3110 745 3165 tamen
765 3104 911 3179 probabili
924 3120 1012 3164 eausa
1032 3103 1088 3161 hoo
1105 3116 1173 3160 aare
1195 3115 1287 3158 reme·

152 3203 231 3263 dium
252 3202 400 3277 probatur.
442 3203 519 3264 Nam
538 3210 717 3280 pentameter
738 3205 786 3265 ills
808 3209 837 3265 et
856 3207 886 3264 in
900 3204 1051 3264 verborum
1067 3205 1205 3261 contextu
1226 3200 1287 3257 ido·

152 3319 238 3362 neum
266 3309 388 3377 occupat
415 3306 510 3364 locum
537 3321 630 3379 neque
662 3307 868 3366 sententiarum
897 3321 1001 3364 nexum
1028 3303 1087 3361 ullo
1116 3302 1201 3360 modo
1228 3299 1288 3357 dis·

152 3402 266 3476 turbat3
299 3413 444 3477 utrunque
465 3411 560 3465 autem
575 3407 726 3480 epistolam
746 3407 951 3478 interpretatus
973 3405 1038 3473 eris,
1059 3401 1148 3461 verba
1167 3399 1218 3460 illa
1231 3415 1288 3458 non

154 3503 328 3562 uidebuntur
355 3504 448 3564 aliena
476 3521 495 3564 a
522 3507 665 3565 sententia
690 3506 779 3565 totius
801 3504 944 3565 carminis.
989 3502 1045 3574 Qui
1064 3501 1169 3576 legitur
1189 3514 1289 3558 versus

153 3605 185 3661 in
205 3601 285 3661 ovid.
315 3602 401 3662 Trist.
423 3602 473 3679 IV,
499 3607 546 3678 10,
570 3607 587 3663 6
610 3622 675 3664 eum
703 3607 831 3678 spurium
859 3620 921 3663 esse
942 3619 1026 3662 nemo
1053 3617 1186 3674 umquam
1209 3596 1288 3658 affir-

153 3717 234 3762 mare
254 3718 337 3762 ausus
360 3709 404 3762 est
424 3721 516 3778 neque
536 3705 684 3779 quisquam
705 3705 779 3765 hano
799 3706 829 3765 iu
851 3705 1022 3764 senteutiam
1043 3689 1158 3760 incidet.

237 3803 386 3877 Leguutur
399 3809 506 3878 autem,
527 3810 560 3866 ut
580 3806 637 3866 iam
659 3821 746 3879 supra
762 3805 864 3864 leviter
878 3802 1043 3880 signifioavi,
1058 3817 1102 3861 vv.
1121 3801 1157 3857 16
1168 3842 1175 3857 .
1186 3797 1292 3857 19.20
1323 3864 1326 3895 ³

154 3997 400 4008 u————-—-—-

224 4129 245 4199 1)
264 4133 305 4185 Of.
330 4138 410 4186 etium
432 4139 537 4189 Passow
561 4139 611 4202 ,De
638 4138 730 4189 ordina
752 4143 899 4203 temporum
923 4150 974 4201 quo
999 4133 1079 4199 primi
1102 4131 1167 4184 libri
1187 4130 1291 4196 alogias

154 4220 264 4284 scripsit
281 4220 415 4276 Tibullus‘
433 4221 534 4292 (opust.
554 4223 628 4278 arad.
646 4224 720 4290 Lips.
740 4224 809 4274 1835
827 4239 870 4274 no.
890 4226 923 4271 14
940 4239 968 4288 p.
984 4215 1142 4285 aso-300).
