2580 4734
576 211 594 266 7
706 173 710 181 .

10 425 106 491 paene
133 407 220 468 iidem
250 407 328 480 apud
349 406 489 466 Ovidium.
532 407 639 466 Versus
666 407 741 466 enim
767 409 803 464 16
825 408 917 479 quinti
937 404 1070 464 carminis
1091 417 1155 460 cum

10 510 64 570 -bio
84 509 136 568 sit:

265 607 334 673 Nec
354 609 436 672 venit
456 606 547 672 tardo
569 631 668 673 curua
688 621 810 672 senecta
825 606 915 691 pede,

17 723 95 797 apud
114 722 246 782 Ovidium
269 727 364 782 exstat
383 723 412 781 in
433 722 469 780 A.
490 723 526 782 A.
548 723 598 781 llb.
619 723 649 782 Π
669 740 697 783 v.
719 725 796 782 670:

217 813 219 817 ⁵
248 824 315 887 iona
336 825 434 888 ueniet
454 826 546 889 tucio
565 848 663 890 curva
683 836 803 890 senecta
821 824 919 910 pede‚·

13 957 48 1000 ae
67 937 131 1000 lere
150 939 250 1000 eodem
272 939 355 999 modo
375 955 474 998 versus
498 941 535 998 19
557 948 586 999 et
607 941 648 997 20
670 941 786 1012 quintae
808 939 933 1014 elegiae:

165 1057 252 1135 Quid
263 1056 430 1141 fraudare
451 1059 538 1120 iuvat
559 1059 651 1144 vitem
673 1057 875 1122 crescentibus
895 1059 965 1121 uvis

198 1169 227 1222 et
249 1155 339 1221 modo
361 1169 437 1221 tecla
458 1157 545 1221 mala
566 1157 677 1222 vellere
692 1181 791 1243 ponte
811 1157 931 1221 manu?

12 1289 131 1363 paulum
161 1289 265 1348 mutati
287 1296 315 1348 et
337 1289 374 1348 ad
396 1289 575 1349 abortionem
602 1289 710 1348 detorti
737 1295 890 1348 recurrunt
918 1290 948 1347 in
977 1285 1155 1346 Ovidii'Am.

13 1387 62 1448 lib.
83 1387 115 1448 Π
138 1405 163 1448 e.
187 1391 226 1446 14
246 1405 272 1448 v.
293 1389 334 1446 23
358 1392 387 1445 et
409 1389 463 1445 24:

189 1505 266 1590 qaid
281 1506 407 1591 plenam
421 1504 566 1591 fraudas
586 1506 679 1570 eitam
700 1508 902 1571 crescentibus
922 1509 991 1572 ucis

247 1628 400 1690 ponteque
421 1604 542 1670 crudeli
561 1606 651 1670 cellis
672 1607 787 1671 acerba
807 1609 927 1673 raban?

100 1737 150 1797 Ad
170 1754 240 1810 ques
269 1740 457 1811 repetitiones
478 1740 663 1813 explicandas
684 1740 760 1800 duae
782 1746 883 1815 patent
903 1742 980 1798 viae:
1005 1755 1071 1797 nam
1092 1753 1156 1795 cum

13 1841 162 1912 appareat
181 1836 325 1911 Tibullum
348 1837 440 1897 Ovidii
461 1840 596 1910 carmina,
619 1855 693 1912 quae
715 1841 804 1900 multo
825 1847 891 1915 post
903 1839 1011 1897 Tibulli
1031 1843 1156 1896 mortem

18 1938 102 1997 edita
131 1941 234 2004 essent,
266 1936 429 1997 exscribere
456 1954 515 1996 non
543 1940 678 2010 potuisse,
709 1938 772 1996 fieri
795 1940 897 2012 potuit,
926 1940 1084 2009 utentis,
1108 1936 1156 2009 qui

17 2036 143 2108 elegiam
171 2037 298 2111 quintam
327 2039 497 2111 composuit,
520 2037 614 2097 Ovidii
634 2054 731 2097 versus
761 2040 791 2096 in
812 2054 893 2096 suum
915 2053 1031 2095 carmen
1059 2043 1156 2095 trans·

15 2135 164 2196 scriberet
184 2141 234 2196 aut
255 2136 371 2196 Ovidius
391 2139 453 2212 ipse
473 2154 509 2196 ex
529 2144 617 2212 poeta
637 2144 764 2198 ceterum
785 2140 884 2212 ignoto
905 2138 1073 2209 surriperet.

99 2237 162 2297 Iam
177 2237 294 2297 Ovidius
315 2239 378 2312 ipse
399 2236 436 2296 ab
458 2239 626 2310 aequalibus
647 2244 716 2298 natu
738 2238 897 2298 minoribus
912 2238 1010 2310 magni
1024 2252 1054 2293 se
1068 2235 1156 2294 aesti-

15 2342 129 2396 matum
150 2352 216 2396 esse
237 2342 360 2419 testatur
379 2339 409 2397 in
431 2339 518 2398 Trist.
541 2338 591 2406 IV,
615 2342 663 2410 10,
685 2339 741 2397 55:

206 2451 299 2525 utque
320 2461 373 2526 eqo
394 2442 536 2519 maiores,
557 2441 603 2503 st‘c
623 2462 670 2501 me
691 2438 809 2502 coluere
829 2441 970 2516 minores,

10 2567 111 2625 neque
141 2556 188 2610 est
217 2567 269 2610 cur
296 2567 403 2626 ponere
434 2551 593 2611 dubitemus
614 2567 632 2610 a
653 2551 751 2608 multis
772 2568 836 2610 eum
857 2552 1017 2608 imitatione
1040 2564 1157 2619 expres·

12 2667 78 2709 sum
99 2667 173 2710 esse.

98 2749 137 2808 In
167 2751 292 2810 carmine
322 2758 419 2810 autem
445 2753 480 2811 de
502 2769 557 2824 quo
578 2752 667 2811 verba
688 2734 807 2811 facimus
826 2758 913 2826 poeta
934 2753 1009 2810 diem
1031 2752 1158 2811 natalem

12 2849 112 2910 refert
145 2850 180 2910 ad
208 2866 314 2910 annum
343 2855 381 2911 43
416 2853 555 2926 simulque
582 2852 717 2944 implorat
745 2854 824 2923 deos,
854 2863 885 2911 ut
912 2857 1034 2924 pansant
1061 2853 1159 2910 iuveni

12 2953 59 3023 (v.
85 2945 128 3022 6),
148 2950 226 3010 cuius
247 2951 344 3024 capilli
365 2953 440 3026 nigri
462 2952 587 3011 nondum
607 2952 679 3009 laesi
700 2953 756 3010 sint
778 2953 880 3011 canitie
904 2948 943 3028 (v.
970 2951 1033 3022 15),
1056 2953 1104 3023 qui
1128 2968 1157 3010 se
1252 2965 1256 2974 ’

12 3053 117 3124 ipsum
145 3065 208 3109 eum
232 3051 295 3109 uvis
322 3052 513 3126 crescentibus
544 3051 580 3122 (v.
604 3044 655 3127 19)
679 3058 709 3109 et
734 3052 810 3110 malo
838 3053 921 3110 modo
950 3058 1019 3110 nato
1041 3047 1080 3127 (v.
1103 3050 1157 3126 20)

12 3153 180 3222 comparat.
221 3150 283 3210 Iam
305 3168 368 3210 cum
391 3151 484 3210 Ovidii
507 3151 624 3222 Tristia,
648 3153 806 3226 exquibus
827 3168 940 3211 versum
967 3152 1047 3210 illum
1069 3154 1157 3213 notis·

10 3251 123 3311 simum
137 3249 348 3324 deprompsisse
359 3252 539 3324 Lygdamum
560 3258 664 3325 patant
685 3251 808 3327 quidam,
831 3253 908 3310 inter
929 3268 1020 3311 annos
1037 3254 1055 3309 9
1071 3256 1101 3309 et
1118 3253 1156 3308 12

10 3355 84 3424 post
114 3345 182 3408 Chr·
205 3348 252 3422 (ei.
274 3349 358 3409 Trist.
379 3349 413 3423 V,
440 3351 486 3424 10,
511 3345 541 3428 1)
564 3353 672 3424 scripta
701 3353 758 3410 sint
781 3352 912 3425 editaque
934 3368 952 3410 a
973 3356 1062 3423 poeta
1082 3349 1156 3410 rele-

11 3454 97 3525 gato,
119 3453 277 3508 statuamus
299 3467 414 3510 necesse
435 3453 472 3509 sit
495 3452 617 3523 elegiam
646 3452 712 3510 libri
733 3453 813 3511 tertii
842 3452 969 3523 corporis
1000 3450 1155 3510 libulliani

13 3550 149 3621 quintam
175 3555 243 3621 post
270 3549 325 3608 hoc
353 3558 464 3625 tempus
492 3567 555 3610 esse
584 3553 777 3624 compositam.
826 3552 887 3611 Fac
915 3557 1010 3611 tecum
1037 3555 1155 3623 reputes

14 3652 167 3708 auctorem
188 3666 214 3709 a.
236 3651 276 3707 43
298 3668 325 3711 a.
347 3650 414 3711 Chr.
437 3656 536 3711 natum
558 3651 717 3725 epistolam,
737 3653 767 3709 in
789 3668 845 3724 qua
867 3652 972 3709 iterum
994 3656 1079 3723 atque
1100 3650 1156 3706 ite·

10 3763 82 3806 rum
115 3752 224 3821 apertis
253 3750 348 3810 verbis
376 3769 407 3812 se
435 3754 565 3812 iuvenem
600 3752 738 3825 appellet,
775 3754 982 3827 quinquaginta
1011 3751 1081 3809 duos
1110 3750 1157 3807 vel

13 3850 229 3923 quinquaginta
249 3851 373 3924 quinque
395 3869 485 3912 annos
507 3858 606 3911 natum
630 3853 783 3926 scripsisse.
792 3852 816 3923 ²)
857 3852 939 3911 Haec
960 3850 1048 3924 igitur
1067 3850 1156 3908 inter-

106 4033 129 4102 1)
148 4034 208 4097 Qua
224 4036 252 4086 in
269 4053 300 4088 re
318 4041 390 4093 nullo
415 4043 493 4094 modo
515 4042 652 4109 unguenda
670 4050 711 4095 est
730 4043 861 4094 distinctio
879 4044 972 4094 aetatis
991 4041 1122 4109 paduam
1140 4055 1157 4089 a

10 4122 139 4176 Varrone
153 4125 297 4188 proposita,
312 4130 356 4192 qui
369 4135 436 4179 teste
449 4129 593 4181 Censorino
606 4128 650 4198 (de
669 4133 712 4181 die
729 4131 936 4196 natalieap.14,
949 4126 976 4196 2)
990 4131 1156 4179 iuventutem

11 4223 34 4260 a
50 4209 189 4261 tricesimo
207 4225 260 4263 uno
277 4229 361 4279 usqua
374 4215 407 4264 ad
419 4215 649 4283 quadragesimum
663 4219 783 4283 quintum
796 4233 893 4269 aunum
902 4217 1035 4282 pertinere
1045 4217 1157 4282 putavit.
