2656 4716
659 222 807 311 ,6.6.-

159 423 233 482 bene
258 424 387 491 accepta,
409 432 583 490 quamquam
603 434 686 477 mera
699 418 866 479 coniectura
880 421 1022 495 nituntur,
1043 437 1128 481 snam
1146 421 1324 505 probabili-,fl

160 528 251 583 tatem
277 511 425 593 habent1)
477 517 535 577 Sed
561 518 667 576 mirum
694 516 824 590 profecto
855 524 939 591 esset,
972 520 998 578 si
1019 519 1148 593 Ovidius,
1181 525 1230 597 qui
1251 508 1324 603 adv}

160 621 277 682 modum
298 621 407 679 iuuenis
428 619 481 677 has
495 617 603 691 elegias
624 617 774 691 scripsisse
788 614 911 684 videtur,
932 618 1063 690 quamvis
1075 621 1196 695 egregia
1208 620 1300 681 induis
1316 610 1324 677 j

159 721 309 796 praeditus
338 723 424 790 esset,
460 734 525 777 uum
552 715 632 775 nullo
660 715 746 775 modo
772 731 866 789 neque
893 717 924 775 in
946 715 1075 777 versibus
1095 719 1324 797 concinnandieq

158 821 347 893 limandisque
368 832 461 889 neque
481 816 512 875 in
525 816 677 874 sententiis
698 813 845 874 variandis
867 821 898 874 et
918 817 1115 890 perpoliendis
1134 818 1166 876 in
1186 816 1297 893 iusdgio
1316 810 1323 829 ”

160 918 340 980 Tibullornm
361 917 472 990 positus
494 919 579 986 esset,
600 920 697 972 tamen
717 914 777 971 iam
797 918 859 972 tum
878 915 908 973 in
922 916 1081 975 amicitiam
1101 916 1206 977 doctae
1225 918 1296 979 illius
1321 1002 1323 1008 A

159 1020 297 1090 cohortis,
330 1032 416 1090 quam
440 1018 553 1085 vocant,
575 1012 710 1073 uenisset.
752 1011 967 1087 Nequeminus
997 1017 1103 1075 mirum
1122 1023 1201 1077 esset
1234 1018 1293 1079 Ori·

159 1120 246 1189 dium,
261 1118 294 1176 si
313 1116 371 1175 iam
392 1115 487 1188 prima
506 1114 654 1171 iuventute
681 1112 759 1171 illius
787 1117 886 1172 coetus
904 1114 999 1174 socius
1019 1113 1129 1189 sonat,
1163 1133 1288 1192 nusquam

158 1221 242 1279 huius
262 1218 306 1276 rei
326 1219 358 1274 ln
378 1212 553 1273 carminibus
574 1213 748 1272 mentionem
768 1211 881 1272 fecisse.
1312 1281 1322 1299 ἦ

243 1315 297 1375 His
316 1315 406 1390 igitur
426 1313 602 1388 argumentis
623 1316 779 1371 commotus
801 1313 870 1372 uiris
898 1313 990 1373 doctis
1016 1314 1104 1375 aliam
1126 1318 1285 1377 sententian
1312 1304 1321 1321 ⁴

158 1432 298 1492 propono,
320 1429 393 1487 quae
414 1429 472 1472 uuo
485 1412 649 1471 testimonio
662 1410 774 1471 firmari
794 1403 1017 1485 nnetm'posse.
1060 1412 1204 1474 Tibullum
1220 1406 1284 1477 enin
1311 1460 1323 1487 2

160 1518 269 1576 Romae
288 1514 383 1572 locum
403 1512 506 1570 summi
527 1511 620 1571 critici
641 1513 765 1570 tenuisse
792 1519 823 1572 et
842 1517 925 1572 tanta
947 1513 1121 1574 auctomtate
1142 1514 1235 1589 fuae,
1259 1522 1284 1587 ut
1314 1577 1323 1585 ,

159 1631 216 1675 non
246 1612 341 1684 modo,
374 1613 422 1684 qui
450 1615 543 1670 artem
571 1611 715 1683 poetieam
741 1610 916 1683 primoribus
944 1609 1034 1671 labris
1055 1613 1226 1689 attigissent,
1244 1616 1283 1677 sed
1314 1608 1323 1669 .”

158 1715 245 1775 etiam
265 1717 368 1785 poetae
394 1711 498 1770 eximio
529 1711 644 1784 ingenio
672 1710 799 1781 praediti
828 1712 890 1769 eius
919 1710 1026 1771 iudicia
1058 1712 1285 1786 amplecterentur

158 1819 188 1872 et
208 1815 406 1885 sequerentur,
427 1825 463 1868 ex
484 1809 601 1868 Horatii
623 1809 707 1883 epist.
730 1810 754 1881 I,
778 1813 807 1882 4,
835 1814 849 1868 1
874 1810 1000 1870 conicio:
1292 1814 1295 1821 '

357 1901 442 1980 Albi,
464 1914 640 1967 austrorum
660 1924 836 1966 sermonum
859 1902 994 1967 candide
1014 1902 1122 1983 iudex,
1317 1974 1322 1983 ,

158 2010 207 2083 qni
227 2009 307 2067 locus
329 2023 386 2067 non
409 2006 446 2065 ab
468 2007 597 2067 omnibus
618 2013 753 2068 accumbe
767 2007 927 2082 explicatus
944 2016 997 2071 est.
1040 2010 1115 2070 Seue
1136 2014 1210 2073 alios
1227 2028 1284 2089 quu-

158 2125 214 2182 que
236 2112 333 2167 aetate
347 2106 497 2181 Augustae
518 2105 633 2165 omboes
655 2122 789 2180 maguam
803 2105 881 2179 apud
895 2123 995 2167 omnes
1008 2109 1117 2169 artium
1138 2108 1284 2183 liberalius

157 2209 268 2280 peritos
286 2207 492 2266 auctoritatem
507 2204 643 2264 habuisse
657 2204 818 2277 complures
831 2206 889 2264 loci
909 2205 1036 2269 eiusdem
1050 2209 1167 2270 Horatii
1179 2210 1281 2271 docent:

157 2307 246 2366 ueluti
266 2323 339 2379 qnae
361 2304 447 2366 affert
467 2305 503 2364 de
525 2304 664 2378 Quintilio
685 2304 764 2363 Varo
785 2306 815 2363 in
836 2305 933 2379 Epist.
953 2307 992 2376 ΙΙ,
1016 2307 1046 2377 3,
1066 2309 1138 2369 418.
1316 2368 1322 2377 ,

239 2404 282 2465 Ut
303 2420 390 2481 supra
410 2398 540 2481 vidimus,
562 2405 599 2464 de
619 2421 650 2463 se
665 2403 781 2463 Ovidius
801 2405 863 2480 ipse
883 2404 1050 2467 confitetur:
1236 2402 1241 2409 '
1316 2398 1322 2407 ’

365 2498 467 2585 Inque
486 2522 577 2563 aarum
598 2497 712 2573 fartim
734 2497 832 2562 Maca
853 2498 995 2585 trahebat
1016 2523 1104 2586 opus.

157 2605 234 2663 Puer
261 2603 351 2677 igitur
379 2620 446 2663 cum
477 2609 562 2676 patre
587 2608 618 2662 et
645 2603 737 2663 fratre
759 2602 894 2665 Sulmone
923 2606 1030 2679 oppido
1051 2609 1156 2671 relicto
1177 2608 1285 2673 Romam

157 2699 305 2772 profectus
332 2701 432 2773 (Trist.
454 2702 504 2772 IV,
532 2705 578 2774 10,
604 2705 640 2761 15
661 2701 719 2779 sq.)
749 2719 814 2761 cum
835 2706 938 2765 stodiis
959 2709 1154 2780 grammaticis
1181 2715 1211 2769 et
1230 2711 1284 2769 rbe-
1319 2697 1321 2702 ¹

158 2799 257 2860 toricis
285 2797 323 2857 ab
340 2799 560 2873 illustrissimis,
591 2803 724 2874 quitum
745 2809 837 2876 erant,
870 2807 1017 2880 magistris
1043 2809 1172 2891 imbutus
1191 2816 1280 2884 poetas

157 2898 255 2972 legere
276 2900 430 2970 coepisset,
453 2915 519 2958 mox
540 2900 570 2958 in
592 2915 726 2961 sermone
747 2905 863 2976 poetico
884 2905 926 2964 ita
946 2911 1078 2967 versatus
1097 2914 1153 2982 est,
1173 2913 1207 2968 ut
1223 2909 1284 2971 unul·

157 3004 203 3058 tos
237 2997 306 3057 inde
338 2995 424 3058 flores
456 3000 632 3073 decerperet.
685 3003 836 3075 Reliquiae
870 3008 968 3064 autem
999 3006 1102 3067 horum
1133 3011 1282 3071 iuvenilium

157 3099 344 3177 speciminum
366 3099 499 3158 videntur
519 3099 591 3159 mihi
609 3117 670 3160 esse
692 3105 820 3162 carmina
842 3103 878 3163 ad
902 3105 1047 3165 Neaeram
1068 3109 1193 3181 scriptu,
1222 3122 1282 3184 quat

157 3198 259 3271 quanti
279 3198 462 3258 aestimanda
483 3205 587 3273 esseut,
607 3207 642 3260 ut
655 3200 840 3273 iudicaretur,
862 3204 980 3264 Ovidius
1001 3206 1038 3265 ad
1054 3206 1196 3267 Tibullum
1216 3208 1280 3269 criti·
1308 3271 1321 3287 Ι,

154 3313 218 3354 cum
249 3298 410 3356 transmisit
431 3298 534 3358 Publio
562 3303 749 3372 praenomine
775 3321 840 3363 oum
865 3305 1038 3391 ,Lygdamo‘
1075 3308 1224 3383 nesciaque
1249 3306 1278 3368 de
1307 3350 1310 3359 ,

101 3456 104 3461 ,
154 3411 243 3454 causa
262 3402 383 3458 mutato.
425 3399 460 3457 In
482 3398 587 3458 Tibulli
615 3407 711 3461 autem
738 3404 853 3463 scriniis
874 3405 1003 3464 carmina
1027 3406 1166 3469 ovidiana
1187 3422 1275 3467 nonum
1319 3460 1321 3465 .

153 3492 216 3554 fere
236 3511 345 3555 annum
366 3497 538 3570 premebant
558 3507 588 3561 et
610 3519 675 3562 oum
697 3505 815 3563 criticus
842 3505 892 3565 ille
912 3505 1044 3581 idemque
1066 3507 1273 3583 elegantissimus
1307 3559 1311 3569 .

154 3738 243 3803 quarti
261 3736 409 3787 Tibulliani
426 3742 528 3803 positus
546 3757 579 3791 ex
599 3748 738 3808 poetarum
756 3745 862 3794 coetu'
855 3761 882 3795 nn
900 3743 1009 3795 Corvini
1028 3744 1107 3797 domo
1126 3739 1277 3807 vemffi!
1319 3799 1320 3807 ,

153 3823 284 3890 originem
312 3822 419 3875 duxisse
444 3826 545 3890 nequit,
571 3827 593 3876 si
621 3827 683 3892 quid
708 3828 795 3888 video,
818 3835 845 3881 et
868 3829 980 3882 dirersis
997 3831 1084 3883 modis
1110 3834 1143 3884 de
1162 3798 1277 3915 ὃιῗψς
1311 3812 1320 3876 s

153 3909 277 3973 epistulis
295 3910 411 3960 iudicari
428 3925 506 3975 posse
524 3913 592 3962 mihi
610 3915 726 3965 videtur.
1218 3918 1270 3999 lv.

223 4015 244 4082 1)
271 4020 327 4072 Neo
349 4028 436 4073 tamen
461 4023 516 4074 ullo
539 4023 617 4076 modo
643 4027 751 4091 probari
774 4028 881 4079 videtur
899 4044 985 4096 posse,
1014 4031 1084 4096 qnod
1103 4032 1212 4086 Hankel

154 4107 319 4171 panegyrico
337 4108 363 4157 in
383 4108 546 4161 Messallum‘
572 4113 601 4161 in
626 4115 692 4162 actis
711 4128 763 4164 soe.
782 4115 846 4180 phil.
865 4115 936 4180 Lips.
954 4116 978 4164 V
997 4133 1022 4181 p.
1042 4114 1085 4182 71)
1105 4119 1252 4174 coniecitc

153 4192 226 4253 poris
245 4192 394 4245 Tibulliani
412 4196 508 4246 edendi
526 4199 664 4263 negotium
682 4203 831 4267 suscepisse
849 4200 1024 4269 Lygdamum.
