<?xml version="1.0" encoding="UTF-8"?>
<!DOCTYPE html PUBLIC "-//W3C//DTD XHTML 1.0 Transitional//EN"
    "http://www.w3.org/TR/xhtml1/DTD/xhtml1-transitional.dtd">
<html xmlns="http://www.w3.org/1999/xhtml" xml:lang="en" lang="en">
 <head>
  <title>
</title>
<meta http-equiv="Content-Type" content="text/html;charset=utf-8" />
  <meta name='ocr-system' content='tesseract 3.04.00' />
  <meta name='ocr-capabilities' content='ocr_page ocr_carea ocr_par ocr_line ocrx_word'/>
</head>
<body>
  <div class='ocr_page' id='page_1' title='image "./delibritertiica01kleegoog_0071.png"; bbox 0 0 2656 4716; ppageno 0'>
   <div class='ocr_carea' id='block_1_1' title="bbox 693 175 736 232">
    <p class='ocr_par' dir='ltr' id='par_1_1' title="bbox 693 175 736 232">
     <span class='ocr_line' id='line_1_1' title="bbox 693 175 736 232; baseline 0 0"><span class='ocrx_word' id='word_1_1' title='bbox 693 175 736 232; x_wconf 80' lang='grc'>64</span> 
     </span>
    </p>
   </div>
   <div class='ocr_carea' id='block_1_2' title="bbox 65 372 1223 3712">
    <p class='ocr_par' dir='ltr' id='par_1_2' title="bbox 140 372 1223 949">
     <span class='ocr_line' id='line_1_2' title="bbox 141 372 1223 447; baseline -0.007 -12"><span class='ocrx_word' id='word_1_2' title='bbox 141 376 226 435; x_wconf 70' lang='lat' dir='ltr'>weiss</span> <span class='ocrx_word' id='word_1_3' title='bbox 245 375 278 434; x_wconf 93' lang='lat' dir='ltr'>in</span> <span class='ocrx_word' id='word_1_4' title='bbox 297 373 423 434; x_wconf 71' lang='lat' dir='ltr'>undem</span> <span class='ocrx_word' id='word_1_5' title='bbox 435 374 573 434; x_wconf 79' lang='lat' dir='ltr'>Wechsel</span> <span class='ocrx_word' id='word_1_6' title='bbox 591 373 767 434; x_wconf 81' lang='lat' dir='ltr'>ronGellllrl</span> <span class='ocrx_word' id='word_1_7' title='bbox 787 375 848 433; x_wconf 91' lang='lat' dir='ltr'>und</span> <span class='ocrx_word' id='word_1_8' title='bbox 861 375 1055 434; x_wconf 68' lang='lat' dir='ltr'>mdoeiscben</span> <span class='ocrx_word' id='word_1_9' title='bbox 1068 375 1168 447; x_wconf 86' lang='lat' dir='ltr'>Zugen</span> <span class='ocrx_word' id='word_1_10' title='bbox 1189 372 1223 430; x_wconf 86' lang='lat' dir='ltr'>hh</span> 
     </span>
     <span class='ocr_line' id='line_1_3' title="bbox 142 472 1223 546; baseline -0.004 -12"><span class='ocrx_word' id='word_1_11' title='bbox 142 474 256 534; x_wconf 85' lang='lat' dir='ltr'>Scenen</span> <span class='ocrx_word' id='word_1_12' title='bbox 275 474 329 534; x_wconf 85' lang='lat' dir='ltr'>der</span> <span class='ocrx_word' id='word_1_13' title='bbox 347 474 510 533; x_wconf 74' lang='lat' dir='ltr'>motiscben</span> <span class='ocrx_word' id='word_1_14' title='bbox 529 474 636 532; x_wconf 72' lang='lat' dir='ltr'>Poeaic</span> <span class='ocrx_word' id='word_1_15' title='bbox 654 473 932 546; x_wconf 81' lang='lat' dir='ltr'>schulgerecht</span> <span class='ocrx_word' id='word_1_16' title='bbox 951 472 1155 533; x_wconf 71' lang='lat' dir='ltr'>mmiuhren.</span> <span class='ocrx_word' id='word_1_17' title='bbox 1197 473 1223 531; x_wconf 69' lang='lat' dir='ltr'>Sl</span> 
     </span>
     <span class='ocr_line' id='line_1_4' title="bbox 141 572 1204 646; baseline -0.002 -13"><span class='ocrx_word' id='word_1_18' title='bbox 141 573 245 633; x_wconf 85' lang='lat' dir='ltr'>besten</span> <span class='ocrx_word' id='word_1_19' title='bbox 265 573 427 633; x_wconf 78' lang='lat' dir='ltr'>Studien</span> <span class='ocrx_word' id='word_1_20' title='bbox 448 573 515 632; x_wconf 87' lang='lat' dir='ltr'>sind</span> <span class='ocrx_word' id='word_1_21' title='bbox 541 573 590 632; x_wconf 90' lang='lat' dir='ltr'>die</span> <span class='ocrx_word' id='word_1_22' title='bbox 613 575 667 632; x_wconf 86' lang='lat' dir='ltr'>mit</span> <span class='ocrx_word' id='word_1_23' title='bbox 693 572 854 646; x_wconf 84' lang='lat' dir='ltr'>gelehrtern</span> <span class='ocrx_word' id='word_1_24' title='bbox 873 573 1019 632; x_wconf 79' lang='lat' dir='ltr'>Scbmuck</span> <span class='ocrx_word' id='word_1_25' title='bbox 1045 575 1204 631; x_wconf 78' lang='lat' dir='ltr'>rernierten</span> 
     </span>
     <span class='ocr_line' id='line_1_5' title="bbox 141 667 1222 744; baseline -0.002 -12"><span class='ocrx_word' id='word_1_26' title='bbox 141 673 239 732; x_wconf 89' lang='lat' dir='ltr'>dichte</span> <span class='ocrx_word' id='word_1_27' title='bbox 266 676 296 730; x_wconf 82' lang='lat'>4.</span> <span class='ocrx_word' id='word_1_28' title='bbox 324 667 366 731; x_wconf 83' lang='lat' dir='ltr'>o‘.</span> <span class='ocrx_word' id='word_1_29' title='bbox 408 672 520 744; x_wconf 83' lang='lat' dir='ltr'>thns</span> <span class='ocrx_word' id='word_1_30' title='bbox 548 689 585 731; x_wconf 87' lang='lat' dir='ltr'>ex</span> <span class='ocrx_word' id='word_1_31' title='bbox 610 672 725 743; x_wconf 82' lang='lat' dir='ltr'>studiis,</span> <span class='ocrx_word' id='word_1_32' title='bbox 752 679 786 730; x_wconf 90' lang='lat' dir='ltr'>nt</span> <span class='ocrx_word' id='word_1_33' title='bbox 803 689 894 730; x_wconf 86' lang='lat' dir='ltr'>unum</span> <span class='ocrx_word' id='word_1_34' title='bbox 920 672 1049 744; x_wconf 68' lang='lat' dir='ltr'>aderam</span> <span class='ocrx_word' id='word_1_35' title='bbox 1078 675 1222 731; x_wconf 74' lang='lat' dir='ltr'>etiamne</span> 
     </span>
     <span class='ocr_line' id='line_1_6' title="bbox 140 773 597 844; baseline -0.007 -12"><span class='ocrx_word' id='word_1_36' title='bbox 140 773 351 844; x_wconf 44' lang='lat' dir='ltr'>Qum&amp;</span> <span class='ocrx_word' id='word_1_37' title='bbox 587 800 597 806; x_wconf 92' lang='lat'><em>·</em></span> 
     </span>
     <span class='ocr_line' id='line_1_7' title="bbox 371 864 1058 949; baseline 0 -21"><span class='ocrx_word' id='word_1_38' title='bbox 371 865 533 930; x_wconf 65' lang='lat' dir='ltr'>fixorum</span> <span class='ocrx_word' id='word_1_39' title='bbox 552 868 668 931; x_wconf 64' lang='grc' dir='ltr'><strong><em>ποσὰ-ὑ</em></strong></span> <span class='ocrx_word' id='word_1_40' title='bbox 687 864 761 928; x_wconf 74' lang='lat' dir='ltr'>laiac</span> <span class='ocrx_word' id='word_1_41' title='bbox 772 864 846 949; x_wconf 70' lang='lat' dir='ltr'>suit</span> <span class='ocrx_word' id='word_1_42' title='bbox 861 887 968 928; x_wconf 77' lang='lat' dir='ltr'>annus</span> <span class='ocrx_word' id='word_1_43' title='bbox 986 866 1058 928; x_wconf 73' lang='lat' dir='ltr'>ucis</span> 
     </span>
    </p>

    <p class='ocr_par' dir='ltr' id='par_1_3' title="bbox 140 968 1201 1130">
     <span class='ocr_line' id='line_1_8' title="bbox 142 968 1201 1044; baseline 0 -17"><span class='ocrx_word' id='word_1_44' title='bbox 142 970 285 1042; x_wconf 89' lang='lat' dir='ltr'>repetitus</span> <span class='ocrx_word' id='word_1_45' title='bbox 312 976 365 1038; x_wconf 85' lang='lat' dir='ltr'>est,</span> <span class='ocrx_word' id='word_1_46' title='bbox 397 988 482 1044; x_wconf 82' lang='lat' dir='ltr'>quem</span> <span class='ocrx_word' id='word_1_47' title='bbox 502 972 674 1032; x_wconf 77' lang='lat' dir='ltr'><strong>ovidianum</strong></span> <span class='ocrx_word' id='word_1_48' title='bbox 702 972 831 1030; x_wconf 88' lang='lat' dir='ltr'>colorem</span> <span class='ocrx_word' id='word_1_49' title='bbox 858 987 932 1042; x_wconf 87' lang='lat' dir='ltr'>prae</span> <span class='ocrx_word' id='word_1_50' title='bbox 959 985 992 1028; x_wconf 87' lang='lat' dir='ltr'>se</span> <span class='ocrx_word' id='word_1_51' title='bbox 1011 968 1090 1028; x_wconf 78' lang='lat' dir='ltr'>ferre</span> <span class='ocrx_word' id='word_1_52' title='bbox 1118 985 1201 1027; x_wconf 89' lang='lat' dir='ltr'>nemo</span> 
     </span>
     <span class='ocr_line' id='line_1_9' title="bbox 140 1061 1133 1130; baseline -0.006 0"><span class='ocrx_word' id='word_1_53' title='bbox 140 1072 198 1130; x_wconf 84' lang='lat' dir='ltr'>tiss</span> <span class='ocrx_word' id='word_1_54' title='bbox 217 1068 282 1128; x_wconf 84' lang='lat' dir='ltr'>ibit</span> <span class='ocrx_word' id='word_1_55' title='bbox 804 1079 809 1087; x_wconf 90' lang='lat'>·</span> <span class='ocrx_word' id='word_1_56' title='bbox 1131 1061 1133 1064; x_wconf 74' lang='grc'>’</span> 
     </span>
    </p>

    <p class='ocr_par' dir='ltr' id='par_1_4' title="bbox 65 1168 1223 3712">
     <span class='ocr_line' id='line_1_10' title="bbox 223 1168 1222 1245; baseline 0 -18"><span class='ocrx_word' id='word_1_57' title='bbox 223 1168 344 1227; x_wconf 75' lang='lat' dir='ltr'>Nullum</span> <span class='ocrx_word' id='word_1_58' title='bbox 362 1169 461 1229; x_wconf 78' lang='lat' dir='ltr'>atatem</span> <span class='ocrx_word' id='word_1_59' title='bbox 474 1173 625 1245; x_wconf 77' lang='lat' dir='ltr'>vestigium</span> <span class='ocrx_word' id='word_1_60' title='bbox 644 1171 725 1230; x_wconf 90' lang='lat' dir='ltr'>illins</span> <span class='ocrx_word' id='word_1_61' title='bbox 739 1169 844 1240; x_wconf 76' lang='lat' dir='ltr'>Ovidii,</span> <span class='ocrx_word' id='word_1_62' title='bbox 864 1171 915 1242; x_wconf 78' lang='lat' dir='ltr'>qni</span> <span class='ocrx_word' id='word_1_63' title='bbox 931 1172 964 1227; x_wconf 93' lang='lat' dir='ltr'>in</span> <span class='ocrx_word' id='word_1_64' title='bbox 976 1170 1093 1228; x_wconf 62' lang='lat' dir='ltr'>mmsis</span> <span class='ocrx_word' id='word_1_65' title='bbox 1113 1171 1222 1227; x_wconf 81' lang='lat' dir='ltr'>carmin</span> 
     </span>
     <span class='ocr_line' id='line_1_11' title="bbox 140 1269 1198 1344; baseline -0.001 -17"><span class='ocrx_word' id='word_1_66' title='bbox 140 1269 266 1329; x_wconf 80' lang='lat' dir='ltr'>excellat</span> <span class='ocrx_word' id='word_1_67' title='bbox 294 1270 577 1344; x_wconf 85' lang='lat' dir='ltr'>significationesqnc</span> <span class='ocrx_word' id='word_1_68' title='bbox 604 1275 764 1331; x_wconf 85' lang='lat' dir='ltr'>amatorias</span> <span class='ocrx_word' id='word_1_69' title='bbox 788 1270 1038 1344; x_wconf 83' lang='lat' dir='ltr'>quamplurimas</span> <span class='ocrx_word' id='word_1_70' title='bbox 1058 1270 1198 1340; x_wconf 86' lang='lat' dir='ltr'>poematis</span> 
     </span>
     <span class='ocr_line' id='line_1_12' title="bbox 139 1369 1200 1445; baseline -0.005 -16"><span class='ocrx_word' id='word_1_71' title='bbox 139 1370 309 1442; x_wconf 72' lang='lat' dir='ltr'>immisceat,</span> <span class='ocrx_word' id='word_1_72' title='bbox 340 1373 372 1430; x_wconf 92' lang='lat' dir='ltr'>in</span> <span class='ocrx_word' id='word_1_73' title='bbox 400 1372 443 1429; x_wconf 87' lang='lat' dir='ltr'>eis</span> <span class='ocrx_word' id='word_1_74' title='bbox 471 1371 508 1429; x_wconf 89' lang='lat' dir='ltr'>de</span> <span class='ocrx_word' id='word_1_75' title='bbox 530 1371 634 1442; x_wconf 87' lang='lat' dir='ltr'>quibus</span> <span class='ocrx_word' id='word_1_76' title='bbox 661 1373 773 1445; x_wconf 83' lang='lat' dir='ltr'>agimus</span> <span class='ocrx_word' id='word_1_77' title='bbox 799 1371 903 1442; x_wconf 86' lang='lat' dir='ltr'>elegiis</span> <span class='ocrx_word' id='word_1_78' title='bbox 921 1371 1028 1439; x_wconf 79' lang='lat' dir='ltr'>meuse,</span> <span class='ocrx_word' id='word_1_79' title='bbox 1059 1369 1124 1441; x_wconf 88' lang='lat' dir='ltr'>quis</span> <span class='ocrx_word' id='word_1_80' title='bbox 1157 1373 1200 1426; x_wconf 87' lang='lat' dir='ltr'>est</span> 
     </span>
     <span class='ocr_line' id='line_1_13' title="bbox 139 1467 1223 1543; baseline -0.004 -15"><span class='ocrx_word' id='word_1_81' title='bbox 139 1470 272 1537; x_wconf 89' lang='lat' dir='ltr'>miretur,</span> <span class='ocrx_word' id='word_1_82' title='bbox 292 1470 342 1529; x_wconf 92' lang='lat' dir='ltr'>ubi</span> <span class='ocrx_word' id='word_1_83' title='bbox 363 1476 468 1543; x_wconf 83' lang='lat' dir='ltr'>poetae</span> <span class='ocrx_word' id='word_1_84' title='bbox 488 1473 595 1530; x_wconf 86' lang='lat' dir='ltr'>aetatis</span> <span class='ocrx_word' id='word_1_85' title='bbox 614 1473 760 1530; x_wconf 88' lang='lat' dir='ltr'>rationem</span> <span class='ocrx_word' id='word_1_86' title='bbox 780 1467 936 1527; x_wconf 80' lang='lat' dir='ltr'>babuerit?</span> <span class='ocrx_word' id='word_1_87' title='bbox 953 1467 1018 1527; x_wconf 76' lang='lat' dir='ltr'>Nec</span> <span class='ocrx_word' id='word_1_88' title='bbox 1034 1485 1054 1526; x_wconf 91' lang='lat' dir='ltr'>a</span> <span class='ocrx_word' id='word_1_89' title='bbox 1071 1468 1167 1539; x_wconf 90' lang='lat' dir='ltr'>prima</span> <span class='ocrx_word' id='word_1_90' title='bbox 1187 1468 1223 1524; x_wconf 62' lang='lat' dir='ltr'>iu*</span> 
     </span>
     <span class='ocr_line' id='line_1_14' title="bbox 139 1564 1223 1647; baseline -0.003 -21"><span class='ocrx_word' id='word_1_91' title='bbox 139 1574 202 1627; x_wconf 87' lang='lat' dir='ltr'>tute</span> <span class='ocrx_word' id='word_1_92' title='bbox 223 1572 336 1628; x_wconf 86' lang='lat' dir='ltr'>exstitit</span> <span class='ocrx_word' id='word_1_93' title='bbox 356 1569 437 1629; x_wconf 82' lang='lat' dir='ltr'>Naso</span> <span class='ocrx_word' id='word_1_94' title='bbox 458 1564 556 1645; x_wconf 77' lang='lat' dir='ltr'>,lacer</span> <span class='ocrx_word' id='word_1_95' title='bbox 575 1565 736 1647; x_wconf 75' lang='lat' dir='ltr'>nequitiae</span> <span class='ocrx_word' id='word_1_96' title='bbox 755 1568 843 1627; x_wconf 81' lang='lat' dir='ltr'>race‘</span> <span class='ocrx_word' id='word_1_97' title='bbox 863 1567 941 1640; x_wconf 81' lang='lat' dir='ltr'>(Am</span> <span class='ocrx_word' id='word_1_98' title='bbox 960 1567 1000 1639; x_wconf 84' lang='lat'>11,</span> <span class='ocrx_word' id='word_1_99' title='bbox 1024 1572 1052 1636; x_wconf 92' lang='lat'>1,</span> <span class='ocrx_word' id='word_1_100' title='bbox 1074 1567 1122 1640; x_wconf 76' lang='lat'>2);</span> <span class='ocrx_word' id='word_1_101' title='bbox 1145 1584 1164 1626; x_wconf 91' lang='lat' dir='ltr'>a</span> <span class='ocrx_word' id='word_1_102' title='bbox 1183 1567 1223 1625; x_wconf 85' lang='lat' dir='ltr'>Co</span> 
     </span>
     <span class='ocr_line' id='line_1_15' title="bbox 140 1666 1223 1742; baseline -0.003 -16"><span class='ocrx_word' id='word_1_103' title='bbox 140 1683 180 1726; x_wconf 88' lang='lat' dir='ltr'>na</span> <span class='ocrx_word' id='word_1_104' title='bbox 200 1669 277 1727; x_wconf 87' lang='lat' dir='ltr'>eninr</span> <span class='ocrx_word' id='word_1_105' title='bbox 297 1670 392 1728; x_wconf 86' lang='lat' dir='ltr'>amica</span> <span class='ocrx_word' id='word_1_106' title='bbox 412 1668 450 1728; x_wconf 88' lang='lat' dir='ltr'>ad</span> <span class='ocrx_word' id='word_1_107' title='bbox 470 1670 544 1728; x_wconf 92' lang='lat' dir='ltr'>illud</span> <span class='ocrx_word' id='word_1_108' title='bbox 563 1684 689 1742; x_wconf 81' lang='lat' dir='ltr'>poeseos</span> <span class='ocrx_word' id='word_1_109' title='bbox 710 1685 810 1742; x_wconf 89' lang='lat' dir='ltr'>genus,</span> <span class='ocrx_word' id='word_1_110' title='bbox 837 1669 915 1742; x_wconf 83' lang='lat' dir='ltr'>qnod</span> <span class='ocrx_word' id='word_1_111' title='bbox 933 1670 965 1725; x_wconf 94' lang='lat' dir='ltr'>in</span> <span class='ocrx_word' id='word_1_112' title='bbox 986 1666 1143 1726; x_wconf 83' lang='lat' dir='ltr'>Amoribns</span> <span class='ocrx_word' id='word_1_113' title='bbox 1164 1671 1223 1724; x_wconf 77' lang='lat' dir='ltr'>etl</span> 
     </span>
     <span class='ocr_line' id='line_1_16' title="bbox 139 1766 1213 1843; baseline -0.004 -15"><span class='ocrx_word' id='word_1_114' title='bbox 139 1769 283 1828; x_wconf 83' lang='lat' dir='ltr'>amatoria</span> <span class='ocrx_word' id='word_1_115' title='bbox 303 1773 410 1843; x_wconf 84' lang='lat' dir='ltr'>exstat,</span> <span class='ocrx_word' id='word_1_116' title='bbox 432 1769 584 1828; x_wconf 88' lang='lat' dir='ltr'>incitatum</span> <span class='ocrx_word' id='word_1_117' title='bbox 604 1785 638 1827; x_wconf 89' lang='lat' dir='ltr'>se</span> <span class='ocrx_word' id='word_1_118' title='bbox 658 1785 723 1828; x_wconf 87' lang='lat' dir='ltr'>esse</span> <span class='ocrx_word' id='word_1_119' title='bbox 743 1771 807 1840; x_wconf 90' lang='lat' dir='ltr'>ipse</span> <span class='ocrx_word' id='word_1_120' title='bbox 827 1766 945 1827; x_wconf 80' lang='lat' dir='ltr'>Ovidius</span> <span class='ocrx_word' id='word_1_121' title='bbox 964 1768 1080 1839; x_wconf 83' lang='lat' dir='ltr'>saepius</span> <span class='ocrx_word' id='word_1_122' title='bbox 1106 1767 1213 1825; x_wconf 83' lang='lat' dir='ltr'>fatetur</span> 
     </span>
     <span class='ocr_line' id='line_1_17' title="bbox 140 1867 1223 1942; baseline -0.004 -16"><span class='ocrx_word' id='word_1_123' title='bbox 140 1867 231 1926; x_wconf 86' lang='lat' dir='ltr'>Trist.</span> <span class='ocrx_word' id='word_1_124' title='bbox 251 1867 303 1940; x_wconf 83' lang='lat' dir='ltr'>IV,</span> <span class='ocrx_word' id='word_1_125' title='bbox 329 1871 376 1939; x_wconf 84' lang='lat'>10,</span> <span class='ocrx_word' id='word_1_126' title='bbox 400 1869 462 1942; x_wconf 83' lang='lat'><strong>59).</strong></span> <span class='ocrx_word' id='word_1_127' title='bbox 503 1867 607 1941; x_wconf 80' lang='lat' dir='ltr'>Neque</span> <span class='ocrx_word' id='word_1_128' title='bbox 626 1870 686 1926; x_wconf 92' lang='lat' dir='ltr'>nllo</span> <span class='ocrx_word' id='word_1_129' title='bbox 708 1867 794 1926; x_wconf 84' lang='lat' dir='ltr'>modo</span> <span class='ocrx_word' id='word_1_130' title='bbox 814 1883 950 1926; x_wconf 84' lang='lat' dir='ltr'>versuum</span> <span class='ocrx_word' id='word_1_131' title='bbox 970 1867 1123 1938; x_wconf 82' lang='lat' dir='ltr'>rhythmus</span> <span class='ocrx_word' id='word_1_132' title='bbox 1143 1867 1223 1924; x_wconf 84' lang='lat' dir='ltr'>ratio:</span> 
     </span>
     <span class='ocr_line' id='line_1_18' title="bbox 139 1966 1223 2040; baseline -0.001 -16"><span class='ocrx_word' id='word_1_133' title='bbox 139 1981 195 2039; x_wconf 88' lang='lat' dir='ltr'>que</span> <span class='ocrx_word' id='word_1_134' title='bbox 217 1968 357 2027; x_wconf 88' lang='lat' dir='ltr'>metricae</span> <span class='ocrx_word' id='word_1_135' title='bbox 372 1966 474 2027; x_wconf 78' lang='lat' dir='ltr'>Ouidio</span> <span class='ocrx_word' id='word_1_136' title='bbox 493 1968 591 2026; x_wconf 88' lang='lat' dir='ltr'>inveni</span> <span class='ocrx_word' id='word_1_137' title='bbox 611 1968 658 2026; x_wconf 84' lang='lat' dir='ltr'>vel</span> <span class='ocrx_word' id='word_1_138' title='bbox 668 1982 762 2039; x_wconf 86' lang='lat' dir='ltr'>paene</span> <span class='ocrx_word' id='word_1_139' title='bbox 781 1983 873 2039; x_wconf 84' lang='lat' dir='ltr'>puero</span> <span class='ocrx_word' id='word_1_140' title='bbox 892 1966 1098 2040; x_wconf 87' lang='lat' dir='ltr'>exprobranda</span> <span class='ocrx_word' id='word_1_141' title='bbox 1118 1971 1194 2037; x_wconf 83' lang='lat' dir='ltr'>sunt,</span> <span class='ocrx_word' id='word_1_142' title='bbox 1221 1991 1223 2011; x_wconf 58' lang='grc' dir='ltr'>ι</span> 
     </span>
     <span class='ocr_line' id='line_1_19' title="bbox 138 2064 1223 2140; baseline -0.003 -17"><span class='ocrx_word' id='word_1_143' title='bbox 138 2066 229 2124; x_wconf 87' lang='lat' dir='ltr'>etiam</span> <span class='ocrx_word' id='word_1_144' title='bbox 250 2082 329 2125; x_wconf 90' lang='lat' dir='ltr'>nunc</span> <span class='ocrx_word' id='word_1_145' title='bbox 348 2067 547 2126; x_wconf 88' lang='lat' dir='ltr'>demonstrare</span> <span class='ocrx_word' id='word_1_146' title='bbox 566 2069 710 2139; x_wconf 88' lang='lat' dir='ltr'>possimus</span> <span class='ocrx_word' id='word_1_147' title='bbox 728 2072 847 2140; x_wconf 86' lang='lat' dir='ltr'>poetam</span> <span class='ocrx_word' id='word_1_148' title='bbox 866 2067 935 2125; x_wconf 90' lang='lat' dir='ltr'>inde</span> <span class='ocrx_word' id='word_1_149' title='bbox 949 2083 969 2125; x_wconf 89' lang='lat' dir='ltr'>a</span> <span class='ocrx_word' id='word_1_150' title='bbox 981 2068 1082 2138; x_wconf 91' lang='lat' dir='ltr'>primis</span> <span class='ocrx_word' id='word_1_151' title='bbox 1098 2064 1223 2124; x_wconf 81' lang='lat' dir='ltr'>carmini</span> 
     </span>
     <span class='ocr_line' id='line_1_20' title="bbox 138 2165 1223 2245; baseline -0.003 -21"><span class='ocrx_word' id='word_1_152' title='bbox 138 2181 213 2245; x_wconf 87' lang='lat' dir='ltr'>quae</span> <span class='ocrx_word' id='word_1_153' title='bbox 233 2166 364 2240; x_wconf 78' lang='lat' dir='ltr'>legitime</span> <span class='ocrx_word' id='word_1_154' title='bbox 385 2169 413 2225; x_wconf 89' lang='lat' dir='ltr'>ci</span> <span class='ocrx_word' id='word_1_155' title='bbox 434 2165 646 2232; x_wconf 83' lang='lat' dir='ltr'>adscribuntur,</span> <span class='ocrx_word' id='word_1_156' title='bbox 667 2175 758 2239; x_wconf 87' lang='lat' dir='ltr'>nsque</span> <span class='ocrx_word' id='word_1_157' title='bbox 779 2166 818 2225; x_wconf 87' lang='lat' dir='ltr'>ad</span> <span class='ocrx_word' id='word_1_158' title='bbox 831 2167 937 2225; x_wconf 77' lang='lat' dir='ltr'>Festos</span> <span class='ocrx_word' id='word_1_159' title='bbox 950 2172 1119 2225; x_wconf 75' lang='lat' dir='ltr'>constanter</span> <span class='ocrx_word' id='word_1_160' title='bbox 1139 2167 1170 2223; x_wconf 92' lang='lat' dir='ltr'>in</span> <span class='ocrx_word' id='word_1_161' title='bbox 1185 2181 1223 2221; x_wconf 88' lang='lat' dir='ltr'>nn</span> 
     </span>
     <span class='ocr_line' id='line_1_21' title="bbox 138 2261 1223 2339; baseline -0.002 -17"><span class='ocrx_word' id='word_1_162' title='bbox 138 2281 236 2325; x_wconf 90' lang='lat' dir='ltr'>rorum</span> <span class='ocrx_word' id='word_1_163' title='bbox 255 2266 400 2338; x_wconf 79' lang='lat' dir='ltr'>rhythmis</span> <span class='ocrx_word' id='word_1_164' title='bbox 420 2266 570 2338; x_wconf 79' lang='lat' dir='ltr'>eleganter</span> <span class='ocrx_word' id='word_1_165' title='bbox 595 2264 792 2338; x_wconf 86' lang='lat' dir='ltr'>perpoliendis</span> <span class='ocrx_word' id='word_1_166' title='bbox 810 2281 984 2339; x_wconf 85' lang='lat' dir='ltr'>progressus</span> <span class='ocrx_word' id='word_1_167' title='bbox 1003 2263 1117 2324; x_wconf 85' lang='lat' dir='ltr'>fecisse.</span> <span class='ocrx_word' id='word_1_168' title='bbox 1161 2261 1223 2322; x_wconf 77' lang='lat' dir='ltr'>Pro]</span> 
     </span>
     <span class='ocr_line' id='line_1_22' title="bbox 138 2363 1223 2438; baseline -0.005 -17"><span class='ocrx_word' id='word_1_169' title='bbox 138 2368 237 2422; x_wconf 89' lang='lat' dir='ltr'>autem</span> <span class='ocrx_word' id='word_1_170' title='bbox 257 2363 415 2437; x_wconf 85' lang='lat' dir='ltr'>Hultgreni</span> <span class='ocrx_word' id='word_1_171' title='bbox 443 2367 619 2424; x_wconf 89' lang='lat' dir='ltr'>sententiam</span> <span class='ocrx_word' id='word_1_172' title='bbox 641 2366 810 2437; x_wconf 86' lang='lat' dir='ltr'>amplector,</span> <span class='ocrx_word' id='word_1_173' title='bbox 844 2367 894 2438; x_wconf 89' lang='lat' dir='ltr'>qni</span> <span class='ocrx_word' id='word_1_174' title='bbox 913 2366 935 2422; x_wconf 88' lang='lat'>1.</span> <span class='ocrx_word' id='word_1_175' title='bbox 956 2381 981 2423; x_wconf 92' lang='lat' dir='ltr'>c.</span> <span class='ocrx_word' id='word_1_176' title='bbox 1003 2366 1112 2436; x_wconf 69' lang='lat' dir='ltr'>pes:</span> <span class='ocrx_word' id='word_1_177' title='bbox 1155 2363 1223 2431; x_wconf 76' lang='lat'>,1111</span> 
     </span>
     <span class='ocr_line' id='line_1_23' title="bbox 137 2462 1219 2537; baseline -0.002 -17"><span class='ocrx_word' id='word_1_178' title='bbox 137 2477 261 2534; x_wconf 80' lang='lat' dir='ltr'>versum,</span> <span class='ocrx_word' id='word_1_179' title='bbox 282 2464 385 2536; x_wconf 84' lang='lat' dir='ltr'>inquit,</span> <span class='ocrx_word' id='word_1_180' title='bbox 408 2468 476 2522; x_wconf 84' lang='lat' dir='ltr'>sunt</span> <span class='ocrx_word' id='word_1_181' title='bbox 495 2466 658 2524; x_wconf 81' lang='lat' dir='ltr'>hexametri</span> <span class='ocrx_word' id='word_1_182' title='bbox 680 2495 718 2506; x_wconf 91' lang='lat'>-</span> <span class='ocrx_word' id='word_1_183' title='bbox 740 2466 817 2537; x_wconf 89' lang='lat' dir='ltr'>qnod</span> <span class='ocrx_word' id='word_1_184' title='bbox 837 2465 916 2524; x_wconf 89' lang='lat' dir='ltr'>idem</span> <span class='ocrx_word' id='word_1_185' title='bbox 936 2462 971 2522; x_wconf 89' lang='lat' dir='ltr'>fit</span> <span class='ocrx_word' id='word_1_186' title='bbox 982 2465 1020 2523; x_wconf 89' lang='lat' dir='ltr'>de</span> <span class='ocrx_word' id='word_1_187' title='bbox 1032 2464 1219 2536; x_wconf 77' lang='lat' dir='ltr'>pentametris</span> 
     </span>
     <span class='ocr_line' id='line_1_24' title="bbox 137 2559 1223 2638; baseline -0.002 -18"><span class='ocrx_word' id='word_1_188' title='bbox 137 2559 270 2621; x_wconf 79' lang='lat' dir='ltr'>Ouidiani</span> <span class='ocrx_word' id='word_1_189' title='bbox 299 2563 425 2621; x_wconf 89' lang='lat' dir='ltr'>illustria</span> <span class='ocrx_word' id='word_1_190' title='bbox 452 2564 594 2637; x_wconf 83' lang='lat' dir='ltr'>exempla,</span> <span class='ocrx_word' id='word_1_191' title='bbox 625 2580 702 2637; x_wconf 88' lang='lat' dir='ltr'>quae</span> <span class='ocrx_word' id='word_1_192' title='bbox 722 2563 829 2623; x_wconf 89' lang='lat' dir='ltr'>docent</span> <span class='ocrx_word' id='word_1_193' title='bbox 855 2580 891 2622; x_wconf 86' lang='lat' dir='ltr'>eo</span> <span class='ocrx_word' id='word_1_194' title='bbox 912 2565 1005 2638; x_wconf 88' lang='lat' dir='ltr'>magis</span> <span class='ocrx_word' id='word_1_195' title='bbox 1032 2579 1163 2635; x_wconf 86' lang='lat' dir='ltr'>crescere</span> <span class='ocrx_word' id='word_1_196' title='bbox 1184 2562 1223 2620; x_wconf 79' lang='lat' dir='ltr'>da·</span> 
     </span>
     <span class='ocr_line' id='line_1_25' title="bbox 137 2660 1223 2737; baseline 0 -20"><span class='ocrx_word' id='word_1_197' title='bbox 137 2660 232 2719; x_wconf 89' lang='lat' dir='ltr'>lorum</span> <span class='ocrx_word' id='word_1_198' title='bbox 253 2676 413 2730; x_wconf 88' lang='lat' dir='ltr'>numerum,</span> <span class='ocrx_word' id='word_1_199' title='bbox 434 2678 492 2734; x_wconf 84' lang='lat' dir='ltr'>quo</span> <span class='ocrx_word' id='word_1_200' title='bbox 512 2663 604 2736; x_wconf 88' lang='lat' dir='ltr'>magis</span> <span class='ocrx_word' id='word_1_201' title='bbox 625 2664 687 2735; x_wconf 89' lang='lat' dir='ltr'>ipse</span> <span class='ocrx_word' id='word_1_202' title='bbox 707 2669 797 2737; x_wconf 88' lang='lat' dir='ltr'>poeta</span> <span class='ocrx_word' id='word_1_203' title='bbox 817 2665 848 2721; x_wconf 91' lang='lat' dir='ltr'>in</span> <span class='ocrx_word' id='word_1_204' title='bbox 868 2668 934 2722; x_wconf 86' lang='lat' dir='ltr'>arto</span> <span class='ocrx_word' id='word_1_205' title='bbox 953 2662 1103 2736; x_wconf 87' lang='lat' dir='ltr'>procedat,</span> <span class='ocrx_word' id='word_1_206' title='bbox 1136 2668 1166 2720; x_wconf 87' lang='lat' dir='ltr'>et</span> <span class='ocrx_word' id='word_1_207' title='bbox 1193 2663 1223 2718; x_wconf 71' lang='lat' dir='ltr'>mi</span> 
     </span>
     <span class='ocr_line' id='line_1_26' title="bbox 137 2760 1223 2837; baseline -0.001 -19"><span class='ocrx_word' id='word_1_208' title='bbox 137 2765 236 2818; x_wconf 88' lang='lat' dir='ltr'>aetate</span> <span class='ocrx_word' id='word_1_209' title='bbox 257 2761 350 2837; x_wconf 86' lang='lat' dir='ltr'>senili,</span> <span class='ocrx_word' id='word_1_210' title='bbox 373 2760 423 2819; x_wconf 93' lang='lat' dir='ltr'>ubi</span> <span class='ocrx_word' id='word_1_211' title='bbox 443 2762 591 2835; x_wconf 79' lang='lat' dir='ltr'>ingenium</span> <span class='ocrx_word' id='word_1_212' title='bbox 611 2763 730 2836; x_wconf 89' lang='lat' dir='ltr'>languet</span> <span class='ocrx_word' id='word_1_213' title='bbox 751 2803 760 2816; x_wconf 88' lang='lat'><strong>.</strong></span> <span class='ocrx_word' id='word_1_214' title='bbox 783 2803 792 2819; x_wconf 87' lang='lat'><strong>.</strong></span> <span class='ocrx_word' id='word_1_215' title='bbox 816 2801 824 2815; x_wconf 87' lang='lat'><strong>.</strong></span> <span class='ocrx_word' id='word_1_216' title='bbox 847 2803 855 2818; x_wconf 92' lang='lat'><strong>.</strong></span> <span class='ocrx_word' id='word_1_217' title='bbox 886 2761 953 2820; x_wconf 88' lang='lat' dir='ltr'>Non</span> <span class='ocrx_word' id='word_1_218' title='bbox 974 2767 1083 2821; x_wconf 88' lang='lat' dir='ltr'>temere</span> <span class='ocrx_word' id='word_1_219' title='bbox 1103 2762 1223 2834; x_wconf 84' lang='lat' dir='ltr'>igitnrc</span> 
     </span>
     <span class='ocr_line' id='line_1_27' title="bbox 136 2857 1223 2935; baseline -0.001 -18"><span class='ocrx_word' id='word_1_220' title='bbox 136 2857 266 2918; x_wconf 85' lang='lat' dir='ltr'>tenditur</span> <span class='ocrx_word' id='word_1_221' title='bbox 284 2874 320 2918; x_wconf 85' lang='lat' dir='ltr'>ex</span> <span class='ocrx_word' id='word_1_222' title='bbox 335 2863 484 2918; x_wconf 88' lang='lat' dir='ltr'>structura</span> <span class='ocrx_word' id='word_1_223' title='bbox 497 2860 612 2919; x_wconf 85' lang='lat' dir='ltr'>distichi</span> <span class='ocrx_word' id='word_1_224' title='bbox 632 2862 698 2935; x_wconf 91' lang='lat' dir='ltr'>plus</span> <span class='ocrx_word' id='word_1_225' title='bbox 712 2862 842 2920; x_wconf 86' lang='lat' dir='ltr'>minusve</span> <span class='ocrx_word' id='word_1_226' title='bbox 863 2860 1009 2933; x_wconf 83' lang='lat' dir='ltr'>dactylica</span> <span class='ocrx_word' id='word_1_227' title='bbox 1030 2861 1193 2920; x_wconf 79' lang='lat' dir='ltr'>summatim</span> <span class='ocrx_word' id='word_1_228' title='bbox 1213 2875 1223 2916; x_wconf 82' lang='lat' dir='ltr'>c</span> 
     </span>
     <span class='ocr_line' id='line_1_28' title="bbox 138 2956 1223 3033; baseline 0.001 -18"><span class='ocrx_word' id='word_1_229' title='bbox 138 2959 266 3016; x_wconf 82' lang='lat' dir='ltr'>iectmas</span> <span class='ocrx_word' id='word_1_230' title='bbox 281 2956 344 3017; x_wconf 85' lang='lat' dir='ltr'>fieri</span> <span class='ocrx_word' id='word_1_231' title='bbox 360 2974 445 3032; x_wconf 90' lang='lat' dir='ltr'>posse</span> <span class='ocrx_word' id='word_1_232' title='bbox 467 2959 503 3018; x_wconf 87' lang='lat' dir='ltr'>de</span> <span class='ocrx_word' id='word_1_233' title='bbox 516 2966 658 3033; x_wconf 84' lang='lat' dir='ltr'>tempore,</span> <span class='ocrx_word' id='word_1_234' title='bbox 678 2976 735 3032; x_wconf 89' lang='lat' dir='ltr'>qno</span> <span class='ocrx_word' id='word_1_235' title='bbox 756 2961 885 3023; x_wconf 85' lang='lat' dir='ltr'>carmina</span> <span class='ocrx_word' id='word_1_236' title='bbox 899 2958 1033 3020; x_wconf 88' lang='lat' dir='ltr'>conlecta</span> <span class='ocrx_word' id='word_1_237' title='bbox 1044 2962 1111 3018; x_wconf 91' lang='lat' dir='ltr'>sint.</span> <span class='ocrx_word' id='word_1_238' title='bbox 1154 2958 1223 3017; x_wconf 84' lang='lat' dir='ltr'>Auel</span> 
     </span>
     <span class='ocr_line' id='line_1_29' title="bbox 136 3052 1223 3134; baseline -0.001 -18"><span class='ocrx_word' id='word_1_239' title='bbox 136 3058 213 3116; x_wconf 87' lang='lat' dir='ltr'>enim</span> <span class='ocrx_word' id='word_1_240' title='bbox 241 3057 342 3118; x_wconf 80' lang='lat' dir='ltr'>Ouidio</span> <span class='ocrx_word' id='word_1_241' title='bbox 370 3058 496 3118; x_wconf 87' lang='lat' dir='ltr'>dubitari</span> <span class='ocrx_word' id='word_1_242' title='bbox 523 3060 645 3130; x_wconf 81' lang='lat' dir='ltr'>amphus</span> <span class='ocrx_word' id='word_1_243' title='bbox 670 3052 779 3133; x_wconf 84' lang='lat' dir='ltr'>nequit,</span> <span class='ocrx_word' id='word_1_244' title='bbox 811 3061 881 3133; x_wconf 88' lang='lat' dir='ltr'>quin</span> <span class='ocrx_word' id='word_1_245' title='bbox 914 3065 1067 3134; x_wconf 90' lang='lat' dir='ltr'>poetarum</span> <span class='ocrx_word' id='word_1_246' title='bbox 1090 3061 1223 3134; x_wconf 78' lang='lat' dir='ltr'>elegiaco</span> 
     </span>
     <span class='ocr_line' id='line_1_30' title="bbox 134 3157 1223 3232; baseline 0.004 -18"><span class='ocrx_word' id='word_1_247' title='bbox 134 3163 270 3229; x_wconf 88' lang='lat' dir='ltr'>poemata</span> <span class='ocrx_word' id='word_1_248' title='bbox 290 3158 384 3216; x_wconf 90' lang='lat' dir='ltr'>minus</span> <span class='ocrx_word' id='word_1_249' title='bbox 406 3157 548 3230; x_wconf 84' lang='lat' dir='ltr'>dactylice</span> <span class='ocrx_word' id='word_1_250' title='bbox 568 3159 753 3232; x_wconf 90' lang='lat' dir='ltr'>inprincipio</span> <span class='ocrx_word' id='word_1_251' title='bbox 775 3158 892 3219; x_wconf 90' lang='lat' dir='ltr'>distichi</span> <span class='ocrx_word' id='word_1_252' title='bbox 912 3164 1081 3219; x_wconf 89' lang='lat' dir='ltr'>constructa</span> <span class='ocrx_word' id='word_1_253' title='bbox 1101 3160 1178 3218; x_wconf 87' lang='lat' dir='ltr'>inter</span> <span class='ocrx_word' id='word_1_254' title='bbox 1192 3176 1223 3230; x_wconf 88' lang='lat' dir='ltr'>op</span> 
     </span>
     <span class='ocr_line' id='line_1_31' title="bbox 134 3249 1223 3333; baseline 0.005 -22"><span class='ocrx_word' id='word_1_255' title='bbox 134 3255 267 3314; x_wconf 82' lang='lat' dir='ltr'>iuvenilis</span> <span class='ocrx_word' id='word_1_256' title='bbox 287 3257 394 3316; x_wconf 83' lang='lat' dir='ltr'>aetatis</span> <span class='ocrx_word' id='word_1_257' title='bbox 415 3249 578 3328; x_wconf 83' lang='lat' dir='ltr'>referenda,</span> <span class='ocrx_word' id='word_1_258' title='bbox 600 3261 731 3319; x_wconf 89' lang='lat' dir='ltr'>carmina</span> <span class='ocrx_word' id='word_1_259' title='bbox 752 3265 849 3319; x_wconf 86' lang='lat' dir='ltr'>autem</span> <span class='ocrx_word' id='word_1_260' title='bbox 870 3276 936 3319; x_wconf 89' lang='lat' dir='ltr'>cum</span> <span class='ocrx_word' id='word_1_261' title='bbox 953 3260 1087 3333; x_wconf 87' lang='lat' dir='ltr'>plurimis</span> <span class='ocrx_word' id='word_1_262' title='bbox 1101 3261 1190 3318; x_wconf 87' lang='lat' dir='ltr'>initiis</span> <span class='ocrx_word' id='word_1_263' title='bbox 1212 3258 1223 3316; x_wconf 74' lang='lat' dir='ltr'>i</span> 
     </span>
     <span class='ocr_line' id='line_1_32' title="bbox 133 3352 1223 3431; baseline 0.003 -19"><span class='ocrx_word' id='word_1_264' title='bbox 133 3354 228 3428; x_wconf 83' lang='lat' dir='ltr'>tylicis</span> <span class='ocrx_word' id='word_1_265' title='bbox 256 3352 374 3414; x_wconf 88' lang='lat' dir='ltr'>florenti</span> <span class='ocrx_word' id='word_1_266' title='bbox 402 3359 492 3415; x_wconf 87' lang='lat' dir='ltr'>aetati</span> <span class='ocrx_word' id='word_1_267' title='bbox 517 3357 735 3417; x_wconf 86' lang='lat' dir='ltr'>adnumeranda</span> <span class='ocrx_word' id='word_1_268' title='bbox 765 3357 842 3418; x_wconf 81' lang='lat' dir='ltr'>siut‘</span> <span class='ocrx_word' id='word_1_269' title='bbox 890 3359 1000 3431; x_wconf 77' lang='lat' dir='ltr'>Quibus</span> <span class='ocrx_word' id='word_1_270' title='bbox 1034 3359 1223 3418; x_wconf 84' lang='lat' dir='ltr'>observationi</span> 
     </span>
     <span class='ocr_line' id='line_1_33' title="bbox 65 3453 1223 3533; baseline 0.004 -23"><span class='ocrx_word' id='word_1_271' title='bbox 65 3496 68 3500; x_wconf 83' lang='grc'>-</span> <span class='ocrx_word' id='word_1_272' title='bbox 133 3453 179 3512; x_wconf 88' lang='lat' dir='ltr'>usi</span> <span class='ocrx_word' id='word_1_273' title='bbox 200 3458 281 3512; x_wconf 87' lang='lat' dir='ltr'>recte</span> <span class='ocrx_word' id='word_1_274' title='bbox 294 3453 490 3527; x_wconf 88' lang='lat' dir='ltr'>indicabimus,</span> <span class='ocrx_word' id='word_1_275' title='bbox 512 3455 537 3514; x_wconf 91' lang='lat' dir='ltr'>si</span> <span class='ocrx_word' id='word_1_276' title='bbox 555 3456 663 3530; x_wconf 90' lang='lat' dir='ltr'>elegias</span> <span class='ocrx_word' id='word_1_277' title='bbox 685 3474 746 3531; x_wconf 87' lang='lat' dir='ltr'>sex,</span> <span class='ocrx_word' id='word_1_278' title='bbox 769 3458 918 3533; x_wconf 85' lang='lat' dir='ltr'>inquibus</span> <span class='ocrx_word' id='word_1_279' title='bbox 932 3459 1223 3532; x_wconf 80' lang='lat' dir='ltr'>poetainrhythmor</span> 
     </span>
     <span class='ocr_line' id='line_1_34' title="bbox 132 3547 1223 3632; baseline 0.003 -21"><span class='ocrx_word' id='word_1_280' title='bbox 132 3553 260 3611; x_wconf 84' lang='lat' dir='ltr'>numeris</span> <span class='ocrx_word' id='word_1_281' title='bbox 282 3547 405 3626; x_wconf 87' lang='lat' dir='ltr'>p&#39;rorsns</span> <span class='ocrx_word' id='word_1_282' title='bbox 427 3552 532 3614; x_wconf 86' lang='lat' dir='ltr'>Tibulli</span> <span class='ocrx_word' id='word_1_283' title='bbox 554 3559 675 3631; x_wconf 83' lang='lat' dir='ltr'>vestigia</span> <span class='ocrx_word' id='word_1_284' title='bbox 708 3559 824 3630; x_wconf 82' lang='lat' dir='ltr'>premit,</span> <span class='ocrx_word' id='word_1_285' title='bbox 852 3561 966 3632; x_wconf 89' lang='lat' dir='ltr'>primae</span> <span class='ocrx_word' id='word_1_286' title='bbox 995 3558 1123 3618; x_wconf 87' lang='lat' dir='ltr'>tirocinii</span> <span class='ocrx_word' id='word_1_287' title='bbox 1146 3557 1223 3618; x_wconf 83' lang='lat' dir='ltr'>Ovidi</span> 
     </span>
     <span class='ocr_line' id='line_1_35' title="bbox 132 3650 412 3712; baseline -0.021 0"><span class='ocrx_word' id='word_1_288' title='bbox 132 3651 223 3712; x_wconf 87' lang='lat' dir='ltr'>aetati</span> <span class='ocrx_word' id='word_1_289' title='bbox 243 3650 412 3712; x_wconf 86' lang='lat' dir='ltr'>tribuemus.</span> 
     </span>
    </p>
   </div>
   <div class='ocr_carea' id='block_1_3' title="bbox 129 3836 1223 4229">
    <p class='ocr_par' dir='ltr' id='par_1_5' title="bbox 129 3836 1223 4229">
     <span class='ocr_line' id='line_1_36' title="bbox 217 3836 1223 3930; baseline 0.003 -18"><span class='ocrx_word' id='word_1_290' title='bbox 217 3836 274 3912; x_wconf 83' lang='lat' dir='ltr'>Sed</span> <span class='ocrx_word' id='word_1_291' title='bbox 283 3852 356 3912; x_wconf 88' lang='lat' dir='ltr'>haec</span> <span class='ocrx_word' id='word_1_292' title='bbox 366 3850 507 3926; x_wconf 87' lang='lat' dir='ltr'>depoeta.</span> <span class='ocrx_word' id='word_1_293' title='bbox 519 3852 663 3928; x_wconf 84' lang='lat' dir='ltr'>Superest,</span> <span class='ocrx_word' id='word_1_294' title='bbox 676 3861 710 3915; x_wconf 85' lang='lat' dir='ltr'>nt</span> <span class='ocrx_word' id='word_1_295' title='bbox 716 3856 884 3917; x_wconf 84' lang='lat' dir='ltr'>brevissime</span> <span class='ocrx_word' id='word_1_296' title='bbox 890 3870 1072 3930; x_wconf 87' lang='lat' dir='ltr'>quaeramus,</span> <span class='ocrx_word' id='word_1_297' title='bbox 1083 3871 1140 3930; x_wconf 88' lang='lat' dir='ltr'>quo</span> <span class='ocrx_word' id='word_1_298' title='bbox 1152 3857 1223 3915; x_wconf 67' lang='lat' dir='ltr'>mod«</span> 
     </span>
     <span class='ocr_line' id='line_1_37' title="bbox 130 3953 1223 4030; baseline 0 -19"><span class='ocrx_word' id='word_1_299' title='bbox 130 3967 186 4026; x_wconf 89' lang='lat' dir='ltr'>quc</span> <span class='ocrx_word' id='word_1_300' title='bbox 199 3957 329 4025; x_wconf 86' lang='lat' dir='ltr'>tempore</span> <span class='ocrx_word' id='word_1_301' title='bbox 342 3956 416 4012; x_wconf 86' lang='lat' dir='ltr'>haec</span> <span class='ocrx_word' id='word_1_302' title='bbox 431 3953 525 4013; x_wconf 86' lang='lat' dir='ltr'>Ovidii</span> <span class='ocrx_word' id='word_1_303' title='bbox 538 3956 667 4014; x_wconf 89' lang='lat' dir='ltr'>carmina</span> <span class='ocrx_word' id='word_1_304' title='bbox 682 3954 789 4014; x_wconf 88' lang='lat' dir='ltr'>Tibulli</span> <span class='ocrx_word' id='word_1_305' title='bbox 804 3956 903 4030; x_wconf 85' lang='lat' dir='ltr'>elegiis</span> <span class='ocrx_word' id='word_1_306' title='bbox 916 3955 1024 4015; x_wconf 87' lang='lat' dir='ltr'>inserta</span> <span class='ocrx_word' id='word_1_307' title='bbox 1038 3971 1100 4015; x_wconf 87' lang='lat' dir='ltr'>esse</span> <span class='ocrx_word' id='word_1_308' title='bbox 1114 3956 1223 4015; x_wconf 76' lang='lat' dir='ltr'>videant</span> 
     </span>
     <span class='ocr_line' id='line_1_38' title="bbox 130 4051 1223 4129; baseline 0.005 -20"><span class='ocrx_word' id='word_1_309' title='bbox 130 4051 192 4110; x_wconf 84' lang='lat' dir='ltr'>lam</span> <span class='ocrx_word' id='word_1_310' title='bbox 214 4051 321 4111; x_wconf 88' lang='lat' dir='ltr'>dudum</span> <span class='ocrx_word' id='word_1_311' title='bbox 340 4053 417 4112; x_wconf 86' lang='lat' dir='ltr'>inter</span> <span class='ocrx_word' id='word_1_312' title='bbox 437 4053 575 4127; x_wconf 87' lang='lat' dir='ltr'>plurimos</span> <span class='ocrx_word' id='word_1_313' title='bbox 597 4056 726 4114; x_wconf 87' lang='lat' dir='ltr'>virorum</span> <span class='ocrx_word' id='word_1_314' title='bbox 747 4055 896 4115; x_wconf 88' lang='lat' dir='ltr'>doctorum</span> <span class='ocrx_word' id='word_1_315' title='bbox 921 4056 963 4116; x_wconf 91' lang='lat' dir='ltr'>ita</span> <span class='ocrx_word' id='word_1_316' title='bbox 983 4057 1127 4129; x_wconf 88' lang='lat' dir='ltr'>convenit,</span> <span class='ocrx_word' id='word_1_317' title='bbox 1158 4063 1192 4115; x_wconf 86' lang='lat' dir='ltr'>ut</span> <span class='ocrx_word' id='word_1_318' title='bbox 1213 4073 1223 4115; x_wconf 81' lang='lat' dir='ltr'>c</span> 
     </span>
     <span class='ocr_line' id='line_1_39' title="bbox 129 4149 1223 4229; baseline 0.002 -19"><span class='ocrx_word' id='word_1_319' title='bbox 129 4153 207 4211; x_wconf 89' lang='lat' dir='ltr'>mina</span> <span class='ocrx_word' id='word_1_320' title='bbox 238 4168 312 4226; x_wconf 88' lang='lat' dir='ltr'>quac</span> <span class='ocrx_word' id='word_1_321' title='bbox 344 4149 425 4212; x_wconf 87' lang='lat' dir='ltr'>libris</span> <span class='ocrx_word' id='word_1_322' title='bbox 457 4158 594 4227; x_wconf 88' lang='lat' dir='ltr'>quattuor</span> <span class='ocrx_word' id='word_1_323' title='bbox 629 4155 837 4229; x_wconf 87' lang='lat' dir='ltr'>comprehensa</span> <span class='ocrx_word' id='word_1_324' title='bbox 868 4154 974 4216; x_wconf 90' lang='lat' dir='ltr'>Tibulli</span> <span class='ocrx_word' id='word_1_325' title='bbox 1005 4155 1122 4215; x_wconf 86' lang='lat' dir='ltr'>nomine</span> <span class='ocrx_word' id='word_1_326' title='bbox 1152 4157 1223 4214; x_wconf 85' lang='lat' dir='ltr'>circt</span> 
     </span>
    </p>
   </div>
   <div class='ocr_carea' id='block_1_4' title="bbox 0 0 1332 4716">
    <p class='ocr_par' dir='ltr' id='par_1_6' title="bbox 0 0 1332 4716">
     <span class='ocr_line' id='line_1_40' title="bbox 0 0 1332 4716; baseline 0 2"><span class='ocrx_word' id='word_1_327' title='bbox 0 0 1332 4716; x_wconf 95' lang='lat' dir='ltr'> </span> 
     </span>
    </p>
   </div>
  </div>
 </body>
</html>
