2656 4716
563 252 712 341 L

95 451 153 506 oeta
175 450 304 505 mortuus
327 452 413 520 esset,
435 463 508 520 quae
529 447 591 520 ipse
613 447 771 521 scripserat
790 462 920 522 quaeque
942 448 979 508 ab
1000 449 1064 509 aliie
1085 450 1123 512 ad
1144 465 1209 510 sum

95 551 199 606 comata
220 545 308 605 missa
330 549 423 618 mant,
444 545 483 605 ad
503 545 661 607 Messallae
681 546 797 605 domum
818 549 962 609 translate
983 549 1117 609 videntur
1137 566 1209 610 esse.

95 647 121 706 ed
147 660 240 720 neque
270 645 308 705 ab
330 646 385 705 hoc
405 659 500 718 neque
519 645 639 711 eouivo
668 642 706 703 ab
727 645 792 705 aliis
823 645 876 706 bas
897 647 1004 721 elegias
1026 649 1119 708 editas
1143 662 1206 707 esse

95 750 197 818 pparet¹
231 761 304 816 cum,
336 761 394 818 quo
425 736 662 805 anno'Messalls
693 743 729 803 de
756 746 818 805 vita
845 746 976 821 decessit,
1010 746 1128 808 Ovidius
1147 747 1209 820 ipse

95 847 172 905 bmae
193 844 311 904 adesset
333 841 382 916 (ci.
405 843 456 904 Ov.
479 858 515 902 cx
534 844 618 903 Pont
639 842 663 916 Ι,
686 846 713 915 7,
736 846 776 904 29
798 860 856 916 sq.:

95 951 147 1019 dci
168 957 348 1034 [Messallae]
371 975 427 1017 nce
447 965 476 1017 et
496 952 646 1018 lacrimae
666 976 845 1038 supremum
865 957 899 1019 in
919 954 1033 1035 faetere
1060 977 1173 1020 munna

262 1065 290 1118 et
311 1051 454 1118 dedimus
473 1051 573 1117 medio
593 1055 715 1139 scriptu
735 1052 879 1119 canenda
890 1054 1013 1139 foro.)‚·

95 1189 153 1252 eque
175 1175 275 1236 hercle
295 1176 471 1251 neglexisset
492 1177 564 1236 haec
584 1175 714 1236 carmina
734 1181 883 1250 tamquam
904 1193 986 1236 suum
1005 1176 1209 1250 patrimonium

95 1291 222 1348 poscere.
266 1275 327 1335 Nec
357 1276 512 1335 verisimile
541 1281 595 1348 est,
628 1279 783 1350 antequam
805 1276 943 1335 Messalla
971 1281 1134 1336 moreretur
1164 1277 1210 1335 vel

95 1376 234 1436 emoriam
255 1375 412 1446 emitteret,
436 1369 488 1453 (de
510 1391 568 1448 qua
587 1391 620 1434 rc
642 1391 696 1434 nos
717 1375 857 1434 certiores
877 1372 946 1434 fecit
967 1373 1045 1434 Suet.
1067 1373 1095 1433 d.
1118 1391 1145 1431 v.
1167 1374 1208 1431 ill.

95 1473 190 1548 [frag.
207 1476 245 1532 62
263 1474 307 1533 ed.
322 1472 507 1534 Reiffersch.:
546 1474 694 1547 ‚Messalla
709 1473 850 1534 Corvinus
863 1480 963 1533 orator
978 1480 1046 1532 ante
1061 1472 1209 1532 biennium

95 1591 146 1632 iam
160 1578 323 1632 moreretur
337 1574 379 1631 ita
394 1574 563 1633 memoriam
583 1590 618 1634 ac
636 1588 751 1633 sensum
773 1573 876 1642 amuis,
898 1577 931 1630 ut
945 1573 994 1632 vix
1006 1588 1099 1646 pauca
1119 1570 1209 1630 verba

95 1672 276 1748 iniungeret)
299 1670 460 1731 Tibulliano
482 1673 597 1744 corpori
618 1673 726 1748 elegias
748 1673 785 1732 ab
806 1689 841 1731 eo
861 1673 971 1731 alienas
992 1673 1116 1730 insertas
1138 1687 1208 1729 esse.

95 1775 114 1831 is
133 1774 224 1846 igitur
244 1771 330 1830 rebus
352 1771 483 1830 omnibus
504 1789 539 1832 eo
560 1772 701 1844 ducimur,
723 1778 756 1832 ut
777 1788 795 1831 a
815 1771 973 1831 Messalino
993 1770 1108 1849 demum
1129 1771 1207 1829 Mes·

95 1871 150 1929 llce
179 1869 240 1928 filio
271 1870 317 1928 vel
345 1870 381 1928 ab
413 1885 471 1928 uno
500 1887 536 1928 ex
564 1870 625 1929 cius
649 1871 748 1929 amicis
776 1867 830 1928 sub
851 1874 974 1927 mortem
995 1868 1089 1929 Ovidii
1115 1868 1162 1926 vel
1183 1869 1207 1926 si

95 1970 152 2044 egis
172 1969 269 2041 placet
290 1969 437 2028 nonnullis
458 1971 544 2028 annis
573 1974 641 2028 ante
662 1969 770 2044 elegies
798 1969 862 2027 illas
885 1974 918 2028 ut
938 1985 1006 2029 vere
1027 1968 1205 2028 Tibullianas

95 2069 153 2126 itas
174 2081 237 2125 esse
258 2071 425 2127 statuamus.
457 2069 594 2128 Fortasse
608 2071 695 2128 etiem
714 2069 778 2129 fieri
798 2069 903 2145 potuit,
926 2073 959 2126 ut
982 2084 1046 2127 cum
1060 2068 1206 2141 catalepte

95 2183 135 2226 tae
156 2167 278 2241 Vergilii
299 2181 361 2225 esse
380 2171 566 2240 putarentur,
588 2184 606 2225 a
626 2169 689 2227 viro
710 2168 811 2227 critico
832 2169 879 2228 vel
899 2166 1058 2242 bibliopola
1079 2166 1203 2240 quodam

95 2266 271 2326 :Messallae
300 2266 414 2324 scriniis
438 2265 593 2326 ederentur
601 2265 633 2341 ¹),
667 2268 740 2325 alius
769 2269 886 2328 criticus
909 2269 1059 2328 consilium
1077 2272 1205 2340 caperet,

95 2382 134 2424 iae
147 2372 209 2426 tmn
222 2381 258 2424 ex
273 2363 380 2424 Tibulli
400 2365 513 2425 scriniis
535 2364 707 2438 deprompta
727 2367 758 2424 in
772 2368 928 2427 Messallae
949 2368 1034 2427 domo
1055 2382 1205 2426 servaren-

95 2481 117 2537 r,
154 2466 184 2523 in
212 2466 305 2526 lucem
334 2479 472 2524 revocare
503 2463 666 2538 publieique
696 2464 768 2523 iuris
799 2463 904 2525 facere.
961 2465 1045 2538 Quod
1075 2467 1100 2524 si
1131 2464 1205 2523 veri·

95 2566 154 2624 nile
180 2565 296 2625 videtur
325 2581 397 2638 esse,
431 2565 532 2625 eodem
557 2563 619 2623 fere
640 2569 771 2637 tempore
792 2579 848 2638 quo
876 2565 1014 2638 opuscula
1039 2563 1208 2638 Vergiliana

95 2662 150 2721 iam
171 2679 276 2736 corpus
297 2662 493 2724 Tibullianum
513 2661 690 2736 publicatum
712 2668 768 2721 est.

147 2859 204 2920 Sed
226 2861 329 2933 pedem
351 2863 432 2936 sisto,
464 2867 496 2920 ut
516 2860 598 2920 brevi
619 2861 870 2936 comprehendam,
899 2876 974 2934 quae
996 2875 1108 2919 summa
1129 2874 1205 2918 com·

95 2962 250 3021 tentationis
264 2966 381 3021 nostrae
396 2959 493 3019 fuerit.
536 2959 744 3020 Demonstrare
759 2961 847 3035 igitur
862 2965 983 3020 conatus
999 2976 1061 3019 sum
1076 2959 1206 3018 carmina

135 3190 154 3258 ¹)
172 3193 234 3245 Hoc
251 3210 305 3244 non
330 3200 392 3245 ante
407 3204 513 3243 annum
539 3210 566 3258 p.
583 3191 645 3244 Chr.
665 3195 696 3242 11
723 3194 824 3244 factum
852 3207 908 3244 esse
937 3207 1043 3260 prorsus
1072 3193 1205 3245 adsentior

95 3278 227 3330 aebrensio
245 3279 292 3343 (cf.
311 3280 330 3330 l.
350 3295 372 3330 c.
391 3296 418 3344 p.
440 3279 517 3346 143);
545 3279 591 3331 sed
614 3279 686 3345 quod
702 3278 763 3330 ideo
782 3280 847 3344 quia
864 3278 964 3330 Culicis
983 3279 1053 3345 apud
1071 3280 1206 3331 Lucanum

95 3357 109 3407 f·
129 3363 200 3414 Suet.
218 3367 266 3415 vit.
285 3365 319 3414 50
333 3361 420 3429 Rern.)
439 3367 538 3416 mentio
553 3367 629 3416 taeta
647 3370 711 3428 erat,
729 3367 880 3424 terminum,
899 3365 1116 3430 usqueadquem
1127 3364 1206 3416 editio

95 3451 136 3498 cta
148 3450 191 3512 sit,
211 3451 266 3500 sere
277 3448 310 3500 ad
323 3465 347 3500 a.
361 3451 394 3499 65
413 3449 506 3500 definit
518 3452 560 3502 uir
572 3451 751 3516 doctissimus,
769 3451 833 3523 huic
845 3452 992 3502 sententiae
1005 3451 1207 3517 repugnandum

95 3533 110 3578 '2-
147 3536 310 3586 Etiamnunc
328 3535 446 3585 Culicem
474 3536 586 3586 iuvenili
604 3536 717 3602 Vergilii
745 3538 829 3603 ipslus
856 3535 919 3586 ludo
944 3535 1036 3586 deberi
1058 3535 1138 3587 credo
1156 3551 1207 3587 nec

95 3617 151 3687 deo,
179 3637 225 3672 cnr
251 3637 304 3672 non
330 3624 385 3672 iam
408 3627 469 3672 ante
493 3622 563 3673 hanc
581 3621 738 3690 Catalepton
762 3620 885 3688 syllogeu
905 3636 1012 3672 carmen
1030 3623 1173 3688 separatim
1191 3638 1207 3671 a

96 3705 163 3766 pulo
185 3708 282 3757 lectum
308 3722 365 3758 esse
391 3709 483 3775 possit,
519 3708 664 3759 cuiusmodi
689 3709 828 3776 exemplar
853 3704 985 3759 Martialis
1013 3713 1207 3760 commemorat.

95 3801 157 3853 tque
176 3795 248 3843 enim
266 3793 400 3861 intellego,
426 3808 473 3844 cur
490 3795 625 3844 Baehrens
650 3793 677 3860 (l.
697 3809 720 3844 c.
739 3812 766 3860 p.
787 3797 839 3844 144
857 3794 947 3846 adnot.
960 3791 985 3860 8)
1003 3795 1070 3845 haec
1096 3798 1208 3845 conten·

95 3876 145 3927 rit:
183 3879 323 3944 ,Martialis
341 3880 463 3930 erwthnt
480 3880 553 3938 XIV,
578 3880 628 3930 185
648 3883 720 3933 einer
739 3880 956 3950 sonderausgube
975 3881 1022 3932 des
1040 3880 1133 3941 Culex,
1152 3897 1207 3932 was

95 3973 114 4007 1
137 3966 200 4016 sinn
221 3965 303 4033 hatte,
329 3982 405 4016 wenn
431 3966 475 4016 die
498 3969 744 4043 gesammtausgabe
767 3968 814 4019 der
833 3964 966 4033 Catalepta
990 3967 1070 4018 echon
1094 3967 1209 4034 vorlag.‘

95 4057 117 4092 10
136 4049 218 4101 aliter
237 4053 303 4100 mira
320 4050 369 4100 illa
386 4051 529 4102 locutionis
547 4049 674 4102 aetherius
691 4052 801 4104 mundar
817 4055 951 4124 repetitio,
970 4067 1038 4118 quae
1056 4058 1083 4102 et
1100 4054 1128 4102 in
1146 4053 1206 4104 Oul.

109 4132 165 4184 los
192 4144 218 4187 et
245 4136 315 4201 apud
338 4135 506 4202 Lygdamum
530 4139 557 4204 4,
582 4141 612 4186 17
639 4138 749 4207 legitur,
767 4140 942 4204 probabiliter
966 4140 1094 4206 explicari
1112 4146 1205 4206 potest,

95 4224 144 4301 ξω
160 4225 184 4276 si
203 4222 388 4288 ‚Lygdamum‘
406 4223 462 4274 fere
480 4241 503 4274 a.
523 4230 583 4275 unte
602 4222 664 4274 chr.
683 4225 717 4273 26
735 4237 793 4275 eam
811 4225 910 4292 legisse
928 4226 1077 4279 statuimus.
