2580 4734
519 192 667 279 A.

93 387 181 446 Inter
201 402 300 446 omnes
321 392 417 447 autem
437 387 506 447 libri
525 388 608 447 tertii
629 388 739 459 elegias
760 389 884 445 maximo
905 386 1101 461 mythologice
1120 387 1163 446 nl·

27 494 30 499 '
61 500 222 545 acarmcn
243 490 378 559 quartum
399 491 569 546 exornatum
592 491 644 545 est.
687 484 733 543 De
755 485 834 544 cuius
855 501 880 543 v.
905 487 957 543 17:

182 602 255 666 Iam
277 600 355 666 Nom
376 601 546 667 aetheream
566 603 670 688 rcipias
691 624 813 666 emensa
835 601 1003 688 quadrigis

42 798 46 803 ,
109 730 1164 804 adnotareliceat.RcctceuimBroukhusinsmonetNoctemdeamvulgo

65 832 73 848 '
99 830 177 903 vehi,
191 835 225 890 ut
239 830 316 904 apud
333 831 417 889 Varr.
429 831 464 889 L.
476 831 512 889 L.
523 830 558 900 V,
580 832 627 888 19.
647 829 735 903 Verg.
747 829 821 888 Aen.
838 831 875 906 V,
897 832 966 889 721.
985 830 1049 888 Val.
1067 831 1164 889 Flacc.

59 946 87 1004 g.
96 929 151 1005 111,
165 930 237 1001 211,
248 944 421 1004 quamquam
429 930 633 1004 Heynepnone
645 929 745 988 eodem
762 928 848 987 modo
862 944 880 987 a
893 927 1022 1001 Vergilio
1034 928 1166 988 Aurorae

29 1100 36 1117 τ
108 1027 195 1098 (Asu.
203 1028 269 1101 VII,
282 1023 337 1106 26)
349 1034 380 1086 ct
390 1028 546 1102 quadrigas
558 1028 619 1100 (VI,
630 1028 704 1098 535)
716 1027 799 1086 datas
812 1043 875 1085 essa
886 1026 1056 1086 observavit.
1068 1027 1165 1088 Simile

25 1210 32 1217 ι
55 1124 172 1199 ‘dquam
193 1143 249 1186 nec
273 1127 349 1201 apud
369 1127 516 1186 Tibullum
536 1143 592 1185 nec
613 1126 691 1200 apud
713 1125 846 1187 Ovidium
867 1127 972 1184 inveni.
1002 1126 1084 1198 Quod
1105 1130 1165 1185 stu·

10 1286 25 1323 1,,
112 1228 208 1284 minus
230 1227 340 1286 usitata
359 1224 527 1300 proferendi
548 1226 636 1286 ctiam
656 1226 785 1285 inrebus
800 1226 999 1299 geographicis
1013 1226 1165 1298 cognosci·

10 1322 73 1385 hr.
115 1325 151 1384 In
172 1327 262 1385 tertio
282 1326 359 1385 enim
380 1326 509 1385 carmine
530 1342 556 1384 v.
582 1327 630 1385 13.
661 1327 698 1382 14
720 1323 792 1382 haec
812 1324 962 1397 leguntur:

133 1450 256 1529 Quidve
277 1450 386 1516 mmor
411 1453 538 1537 prodeat
558 1452 708 1540 Phrygio
728 1455 846 1520 immina
866 1454 1033 1531 columnis,

179 1547 326 1614 Taenare
345 1553 411 1615 aive
432 1552 504 1630 taio,
526 1553 592 1616 sice
617 1550 786 1638 Caryste
812 1556 883 1618 taio.

10 1684 155 1763 flurystua
174 1694 273 1748 autem
294 1691 430 1763 oppidum
450 1693 481 1750 in
501 1693 597 1751 insula
618 1691 741 1752 Euboea
755 1694 841 1752 situm
856 1694 936 1755 Ocha
956 1697 1063 1763 monte,
1085 1692 1164 1765 cuius

10 1798 146 1855 marmor
159 1786 324 1860 carystium
338 1790 555 1851 celeberrimum
570 1798 641 1863 erat,
657 1796 810 1851 maximam
825 1789 932 1849 lamam
945 1788 1080 1849 habebat.
1101 1789 1164 1847 Iam

10 1896 188 1958 quamquam
202 1886 258 1947 hoc
272 1903 400 1946 marmor
421 1889 499 1961 apud
519 1890 672 1948 historicos
694 1894 724 1949 et
745 1891 900 1962 scriptores
917 1888 1059 1947 naturalis
1073 1888 1163 1946 bisto-

10 1983 81 2042 riae
100 2001 155 2043 nco
171 1986 268 2044 minus
292 1986 370 2059 apud
389 1992 490 2060 poetas
522 1989 693 2059 posterioris
713 1990 850 2061 temporis
878 2004 964 2060 saepe
993 2002 1163 2045 commemo·

10 2087 109 2158 ratur,
130 2087 230 2142 tamen
250 2100 392 2157 nusquam
415 2087 492 2159 apud
513 2091 615 2158 poetas
636 2086 769 2161 Augusto
798 2086 934 2159 aequales
963 2087 1096 2157 repperi;
1127 2084 1163 2144 cf.

10 2174 79 2240 Hs.
101 2183 152 2254 32,
178 2183 216 2239 16
237 2198 279 2255 sq.
301 2181 376 2241 Plin.
398 2186 427 2256 4,
450 2187 501 2256 21,
521 2188 551 2243 2.
568 2189 616 2258 36,
643 2188 671 2259 7,
686 2188 712 2244 ‘1
728 2188 777 2253 .8,
795 2191 820 2245 1.
844 2185 945 2245 Seneo.
965 2183 1071 2242 Troad.
1093 2184 1164 2241 846.

10 2272 126 2339 heau.
142 2280 171 2351 ὅ,
188 2282 260 2340 232.
282 2282 355 2341 Stat.
372 2281 461 2341 Theb.
480 2285 509 2356 7,
529 2286 602 2342 370.
622 2286 683 2344 silv.
698 2286 727 2356 2,
743 2287 772 2356 2,
789 2286 838 2342 93.
859 2285 947 2343 Mart.
964 2284 992 2353 9,
1008 2283 1057 2340 76.
1078 2280 1164 2354 Apud

10 2372 251 2439 namuurum.
271 2380 322 2456 IV,
344 2382 405 2439 282
429 2382 516 2442 semel
537 2383 596 2455 legi
617 2376 704 2440 voela
728 2376 890 2461 Carystos.

20 2494 24 2501 ·
98 2475 241 2550 Baalim,
271 2495 346 2551 quae
367 2480 434 2540 huic
455 2481 518 2540 loco
540 2482 669 2540 inserere
689 2485 830 2554 poteram,
852 2478 929 2538 infra
949 2480 1038 2539 verba
1059 2480 1164 2540 faciam

10 2568 48 2633 lu
66 2576 165 2648 capito
186 2577 251 2648 VII,
273 2577 324 2636 ubi
352 2579 388 2639 de
413 2579 511 2639 verbis
541 2581 571 2640 in
601 2579 675 2639 libro
703 2579 791 2639 tertio
821 2579 1000 2638 sollemniter
1027 2577 1164 2638 adhibitis

10 2668 167 2733 duanam.
