2656 4716
670 191 820 280 *ao-

172 386 244 449 ibid.
265 403 292 446 v.
315 386 365 475 557
377 402 439 460 sqq.
462 380 572 456 (Delia
585 381 774 448 descendeus
797 385 953 468 feliciae,
973 387 1085 474 iuquit,
1110 399 1232 466 ,amata

79 564 82 569 Ι
159 480 247 546 Διι“ὂι“’.·
277 480 399 554 aulea
429 478 504 544 dean
525 493 597 546 utus
623 483 707 567 ipris
732 487 841 550 eram!
887 484 948 551 Oct
974 484 1120 551 Nemesis
1147 486 1244 572 ,qaid‘
1311 516 1320 525 ·

159 581 243 661 .‚tlbl
269 593 342 645 aaut
373 603 443 645 caea
473 581 593 646 damna
617 581 751 646 dolori?
783 606 831 648 me
863 589 960 650 lacuit
990 589 1127 652 moriens
1160 587 1253 672 ἀφ’

173 685 306 760 maoa‘),
328 703 379 746 eas
405 692 485 748 certo
513 687 598 748 affert
618 689 740 762 puellas,
764 704 837 761 quae
860 690 1005 753 Tibullum
1026 693 1063 753 ad
1085 695 1216 753 carmina
1318 706 1320 711 ’

173 788 307 861 ponenda
330 788 456 847 maxime
482 787 743 848 inflammaverunt.
786 791 861 849 Nam
890 793 955 852 aliis
986 797 1105 867 praeter
1136 793 1189 853 bas
1261 786 1273 808 ''

174 903 293 962 operam
325 903 357 946 se
388 887 499 947 dedisse
525 890 587 962 ipse
615 886 744 948 Tibullus
769 887 878 950 fatetur
904 893 927 959 Ι,
955 895 982 961 5,
1013 895 1053 953 39
1076 885 1194 972 (Saepe
1220 886 1265 952 αἱ·

176 984 282 1056 renai).
325 987 426 1059 Neque
447 986 537 1062 igitur
558 988 713 1061 quidquam
735 990 864 1064 impedit,
887 992 956 1064 quin
977 993 1055 1053 iuter
1075 993 1191 1052 Deliam
1212 999 1239 1052 et

173 1087 276 1146 mesim
294 1085 411 1146 Neaera
433 1087 575 1158 quaedam
595 1088 658 1160 ipsa
679 1088 786 1148 Tibulli
807 1093 900 1150 amica
913 1090 1017 1166 fuerit3
1035 1109 1106 1151 saue
1129 1092 1267 1165 quideme

174 1190 252 1247 iuter
283 1201 339 1246 eas·
362 1188 458 1259 posita
485 1186 625 1260 Glycera,
660 1203 745 1259 quam
774 1187 915 1250 Horatius
947 1206 1035 1251 carm.
1065 1192 1094 1265 1,
1130 1193 1169 1252 33
1200 1208 1231 1253 co

174 1285 313 1346 moravit:
1285 1284 1288 1289 ’

418 1427 503 1512 Albi,
524 1453 564 1494 ae
586 1428 691 1495 doleas
707 1431 783 1517 plus
804 1434 899 1499 cama
920 1456 1037 1499 memor

414 1528 541 1594 Immitis
564 1529 726 1616 Glycerae,
748 1555 809 1597 aea
829 1532 1021 1598 miserabiles

413 1627 568 1694 Deeactee
590 1629 698 1717 eleqoa
721 1654 779 1696 car
800 1631 858 1696 tabl
879 1632 985 1716 iunior

464 1729 570 1794 Laeca
588 1732 767 1814 praeniteat
777 1731 859 1818 fide.

257 1888 316 1949 Sed
344 1888 430 1948 missa
458 1875 574 1947 Neaera
600 1902 783 1962 quaeramus,
805 1889 869 1962 quis
887 1891 946 1949 iam
973 1891 1011 1950 sit
1032 1887 1229 1966 ‚Lygdamum

174 1989 285 2049 bullum
305 1988 357 2048 sub
378 1986 532 2047 subditicio
553 1987 670 2046 uomina
698 1985 791 2047 latere
811 1990 994 2061 suspicantur
1017 1989 1183 2050 defensores
1205 1990 1277 2050 Tibu

173 2089 225 2150 aed
250 2087 334 2148 valde
361 2086 427 2146 buic
455 2087 611 2160 suspicioni
640 2090 684 2144 est
710 2087 939 2162 repugnandum.
986 2088 1067 2149 Nam
1089 2091 1114 2150 si
1133 2090 1197 2164 quis
1216 2106 1283 2150 nom

174 2205 273 2250 rerum
304 2191 400 2246 mutat
430 2202 495 2244 cum
522 2182 598 2244 falso
625 2191 655 2244 et
682 2183 760 2256 ficto,
786 2198 851 2246 oum
872 2194 953 2249 certa
974 2194 1233 2264 causa-permotus

174 2289 282 2359 soleat,
309 2287 385 2345 haue
412 2284 522 2344 besua
548 2300 670 2358 quaeras
697 2285 774 2360 apud
802 2285 954 2348 Tibullum.
1006 2288 1112 2348 Immo·
1129 2289 1281 2351 adulesceu

175 2387 231 2449 vel*
243 2387 326 2461 pueri
348 2386 555 2459 videturesse,
576 2386 845 2446 incertcmuomeu
867 2380 1053 2461 subcubuere,
1072 2390 1121 2462 qul
1141 2390 1246 2461 primis

174 2486 299 2552 crinibus
328 2486 387 2546 viru
414 2492 550 2559 expertm
576 2501 636 2545 nou
656 2487 829 2545 'ausus-sit·
850 2502 886 2547 ea
912 2482 983 2547 roro
1007 2489 1123 2548 nomine
1153 2489 1269 2549 addito·

174 2588 268 2649 virum
288 2585 429 2646 criticum*
440 2587 573 2658 mittore;
596 2584 727 2644 Tibullus
747 2590 849 2646 autem·
865 2587 937 2647 inde
951 2594 971 2646 a
983 2587 1090 2648 Deliae
1108 2602 1211 2648 amore
1224 2605 1258 2648 re

174 2700 287 2747 nomeu.
301 2686 402 2759 elegiis
422 2685 545 2744 inseruit
565 2678 624 2759 (cf.'
637 2684 663 2760 Ι,
685 2682 842 2758 assera·
862 2687 917 2744 83:
933 2685 983 2759 lv,
1001 2687 1067 2763 ·13‚··
1080 2685 1142 2762 13).

260 2785 367 2845 Omitto
402 2781 537 2857 pluribus
566 2783 765 2843 demonstrare
805 2783 1003 2846 candidorum
1035 2790 1202 2858 susumque
1237 2787 1320 2858 utta

56 2894 60 2902 '
176 2896 248 2959 quae
270 2883 473 2946 describuntur
493 2885 524 2942 iu
544 2881 853 2957 libri-:tertilelegiisr
867 2884 966 2943 aliena
986 2897 1052 2944 esse
1072 2883 1243 2945 clitella..
1318 2920 1320 2925 ,

258 2984 314 3044 Sed
334 2984 496 3057 complures
511 2998 548 3042 ex
561 2982 630 3042 viris
650 2982 745 3043 doccia
764 2983 844 3042 velut
866 2984 964 3056 Spobu
978 2983 1117 3043 Dietrlcb
1128 2982 1259 3058 Golbory
1272 2982 1320 3044 alli

174 3087 252 3146 ultra
272 3085 421 3159 progressi
449 3083 595 3142 Neaeram
621 3086 653 3141 et
680 3083 949 3157 ipsam-Glyceram
969 3082 1091 3142 eandem
1112 3098 1176 3142 esse
1200 3100 1234 3142 ae
1261 3076 1320 3181 Βῆ

172 3186 241 3246 bam
261 3187 439 3254 statuerunt3
459 3180 536 3240 Fusa
557 3185 654 3240 autem
676 3184 740 3241 oum
760 3183 818 3243 irco
839 3183 904 3243 loco
917 3182 1088 3260 aspcbuio,
1110 3198 1194 3256 quem
1213 3182 1320 3241 ceteris

174 3285 311 3345 iurabas
340 3283 421 3355 sequi
433 3308 436 3313 ·
448 3283 531 3359 solet,
548 3281 700 3354 discedat·
716 3284 824 3342 omissa
844 3280 980 3356 Glycera,
1002 3298 1088 3356 quam
1110 3294 1176 3342 cum
1203 3276 1320 3345 remed

174 3388 340 3457 comparat,
373 3381 518 3444 Neaeram
553 3381 650 3441 solam
675 3382 797 3442 eandem
825 3395 951 3440 esseae
979 3380 1093 3441 Deliam
1121 3382 1320 3467 demonstrare

173 3483 278 3544 studet.
321 3481 362 3541 Et
388 3481 450 3555 ipse
472 3479 625 3554 Glyceram
646 3482 676 3540 iu
699 3481 951 3556 argumentatione
973 3496 1040 3540 mea
1059 3482 1179 3541 missam
1207 3478 1320 3609 lacianl

173 3598 237 3644 cum
257 3598 317 3643 uon
337 3581 376 3641 sit
396 3579 443 3641 bic
463 3580 545 3641 locus
564 3581 725 3641 disserendi
746 3582 782 3641 de
802 3596 845 3639 ec.
1310 3592 1313 3597 ·

256 3678 429 3741 Aedificium
451 3697 470 3741 a
490 3681 593 3741 Fussio
615 3682 739 3754 aliisque
759 3681 827 3741 viris
851 3680 943 3739 doctis
960 3658 1119 3739 artificiose
1140 3685 1260 3740 exstrue
1302 3676 1305 3681 '

172 3779 289 3854 labefit,
317 3796 382 3840 oum
411 3780 512 3842 Deliae
541 3783 570 3838 et
598 3779 730 3840 Neaerae
755 3778 920 3840 nominibus
941 3797 999 3840 nou
1021 3779 1122 3839 cadem
1145 3779 1259 3853 syllaba

173 3897 310 3942 mensura
331 3879 484 3952 efficiatur,
507 3880 588 3953 quasi
608 3880 732 3939 alterum
753 3897 807 3954 pro
829 3880 922 3940 altero
943 3879 1078 3939 substitui
1099 3881 1200 3953 possit
1231 3879 1256 3953 Q

173 3985 267 4057 legem
295 3980 429 4040 fictorum
456 3981 603 4041 nominum
625 3980 662 4040 ab
685 3980 805 4039 Acrone
824 3979 862 4040 ad
890 3980 963 4038 Hor.
983 3994 1067 4038 serm.
1092 3978 1117 4045 Ι,
1139 3980 1168 4048 2,
1192 3981 1231 4038 64
1254 3982 1282 4038 et

173 4082 305 4143 Bentleio
335 4080 372 4139 ad
399 4081 470 4140 Hor.
500 4095 587 4139 carm.
608 4080 647 4155 Π,
674 4081 720 4153 12,
750 4081 784 4138 13
815 4079 988 4152 explicatam
1013 4094 1187 4152 quamquam
1206 4080 1239 4138 in

172 4185 280 4244 ximum
301 4179 416 4240 Horatii
438 4179 600 4256 puellarum
622 4194 771 4239 numerum
792 4193 851 4237 nou
872 4177 978 4238 cadere
999 4180 1113 4238 constat
1142 4178 1194 4249 (ex
1219 4177 1283 4251 quib
