2580 4734
592 176 610 232 9

69 376 230 453 rpndentem
250 375 280 435 in
301 375 417 437 modum
436 376 566 448 excussit,
579 393 663 449 quam
681 377 810 435 nonnulli
824 392 889 434 eum
904 373 1005 435 fecisse
1020 393 1055 435 ex
1071 384 1173 438 nostro'

69 478 160 539 rmine
189 475 335 548 colligunt.
378 475 469 534 Immo
496 474 664 548 ubicumque
697 476 790 534 simile
811 476 919 550 aliquid
947 475 1025 543 fecit,
1046 476 1173 547 habebat

69 576 161 646 fidius,
179 573 255 647 quod
270 573 351 646 sequi
365 573 553 647 amplectique
567 575 654 635 vehet
674 591 766 648 neque
787 575 938 635 omittebat
959 576 1062 634 leviter
1081 578 1170 651 signi-

69 691 133 742 666,
152 673 219 748 quid
240 673 296 732 sibi
317 673 424 732 uellent
442 674 498 734 hae
518 675 702 746 imitationes,
723 691 786 733 cnm
807 682 857 745 aut
878 679 993 747 poetam
1020 675 1050 732 in
1073 678 1172 749 proxi·

70 773 237 835 issersibus
261 774 422 845 nominaret
444 780 495 832 aut
515 773 669 832 artificium
689 776 720 832 in
741 789 773 832 re
794 775 991 835 adumbranda
1012 773 1170 845 adhiberet,

70 874 114 934 rod
140 873 238 946 peritis
270 888 391 946 poeseos
420 873 488 931 viris
519 871 672 931 sufficerat.
723 873 803 945 Quae
830 889 877 933 res
912 875 982 932 mihi
1010 875 1171 935 certissima

70 973 156 1044 detur,
177 977 333 1045 postquam
346 971 488 1031 Antonius
510 972 651 1044 Zingerle,
668 989 741 1045 quae
761 972 849 1035 fuerit
863 973 956 1033 Ovidii
969 991 1017 1033 ars
1031 975 1170 1049 imitandi,

70 1089 110 1132 tro
136 1072 332 1145 copiosissimo
360 1075 390 1129 et
409 1088 515 1145 magna
544 1071 629 1131 laude
657 1072 745 1146 digno
770 1074 896 1145 ‚Ovidius
927 1075 985 1133 und
1012 1076 1072 1134 sein
1093 1076 1171 1136 Ver·

71 1172 174 1230 reltniss
195 1189 232 1229 zu
251 1171 309 1230 den
330 1171 539 1245 Vorgaengern
560 1171 618 1231 und
640 1171 856 1247 gleichzeitigen
883 1175 1062 1233 roemischen
1084 1174 1173 1234 Dich-

71 1270 115 1331 rn‘
144 1270 306 1345 Oenoponti
340 1272 503 1330 less-71
520 1267 542 1344 ¹)
588 1271 823 1331 demonstravit·
850 1273 894 1332 Ac
924 1291 961 1332 ne
994 1290 1028 1332 ea
1058 1275 1176 1346 quidem-

71 1373 149 1431 .entio
178 1373 417 1446 praetermittam,
448 1387 520 1445 quae
548 1372 684 1444 leguntur
712 1370 789 1443 apud
822 1371 919 1433 Senec.
941 1389 1048 1433 suasor.
1077 1372 1129 1445 111,
1154 1374 1171 1430 5

71 1471 96 1530 d.
118 1471 292 1545 Kiessling):
321 1470 399 1542 ,Hoc
426 1475 523 1529 autem
549 1469 663 1529 dicebat
692 1469 784 1529 Gallio
805 1471 913 1531 Nasoni
934 1487 986 1530 suo
1008 1471 1089 1530 valde
1111 1472 1172 1544 pla·

73 1572 139 1642 isse;
175 1573 273 1642 itaque
296 1568 396 1631 iecisse
424 1570 520 1642 illum,
546 1569 622 1642 qnod
649 1571 680 1630 in
701 1571 797 1630 multis
817 1572 881 1630 aliis
901 1570 1029 1630 versibus
1050 1573 1172 1646 Vergilii

72 1677 157 1742 cerat,
186 1687 243 1731 non
271 1669 448 1743 subripiendi
478 1686 578 1742 causa,
608 1670 659 1730 sed
689 1671 784 1743 pelam
811 1672 959 1731 mutuandi
981 1664 1084 1750 (culpo
1108 1673 1172 1730 imi-

72 1768 142 1844 ndi),
171 1771 224 1830 hoc
253 1771 348 1829 animo
377 1774 409 1827 ut
438 1769 524 1827 vellet
562 1770 703 1843 agnosci!
749 1769 882 1843 Exempli
915 1774 1010 1844 gratia
1041 1771 1173 1830 conferas

72 1887 92 1927 ι.
123 1869 207 1928 Trist
234 1870 271 1941 H,
302 1871 363 1933 447
392 1885 452 1942 sqq.
482 1890 525 1917 =
553 1869 613 1927 Tib.
636 1869 660 1942 1,
684 1871 711 1940 6,
735 1872 753 1925 7
775 1886 844 1942 sqq.;
877 1870 963 1929 Trist.
985 1871 1023 1944 11,
1045 1872 1103 1929 451
1129 1886 1170 1943 sq.

72 1991 84 2016 =
114 1968 175 2027 Tib.
195 1969 218 2044 1,
241 1971 269 2042 6,
293 1970 332 2027 25
363 1985 415 2041 sq.;
445 1968 530 2026 Trist.
552 1968 590 2040 Π,
614 1971 674 2027 458
698 1991 734 2015 =
758 1967 821 2026 Tib.
842 1968 866 2041 1,
891 1971 918 2041 6,
945 1972 996 2042 163
1028 1971 1092 2029 Am.
1120 1970 1172 2043 111,

90 2071 200 2128 33·34
221 2091 265 2119 =
286 2068 349 2128 Tib.
371 2069 394 2136 I,
419 2071 446 2139 3,
474 2068 612 2138 23-26;
643 2069 708 2127 Am.
731 2067 784 2141 III,
808 2070 836 2143 9,
857 2069 980 2126 49-52
1002 2090 1044 2116 =
1064 2069 1127 2128 Tib.
1150 2070 1174 2137 L

88 2173 187 2241 5-s;
211 2171 299 2229 Thist.
321 2170 441 2241 11,534
464 2191 506 2217 =
527 2169 614 2242 Verg.
638 2170 711 2228 Aen.
732 2169 755 2240 1,
781 2173 805 2242 13
830 2185 865 2228 ex
886 2166 970 2228 Pont.
993 2169 1043 2242 IV,
1063 2172 1108 2240 16,
1134 2171 1173 2227 34

73 2272 182 2331 :Grat
206 2286 305 2345 cyneg.
328 2272 377 2329 23.
927 2340 934 2349 κ

120 2370 175 2429 Sed
198 2385 264 2427 curn
286 2368 401 2428 Ovidius
421 2385 534 2427 tersum
557 2369 633 2426 166.
651 2368 668 2425 5
690 2383 776 2441 saepe
798 2370 925 2440 citatum,
948 2385 1032 2442 quem
1054 2385 1117 2427 eum
1139 2386 1174 2427 ex

73 2471 181 2544 rgdami
204 2471 332 2528 carmine
353 2469 565 2545 deprompsisse
593 2465 724 2532 credunt,
746 2468 773 2524 ei
795 2467 904 2538 elegiae
933 2469 1096 2539 inseruerit,
1119 2484 1176 2540 qna

73 2577 166 2630 ortuos
188 2574 322 2629 auctores
342 2569 465 2643 itemque
486 2568 594 2628 amicos
613 2567 693 2625 vivos
714 2571 798 2640 grato
818 2565 921 2640 pioque
943 2567 1038 2635 animo
1050 2582 1174 2625 comme·

74 2672 171 2741 aravit,
195 2685 263 2728 num
283 2668 436 2728 verisimile
457 2673 501 2726 est
521 2668 576 2726 hoc
596 2667 671 2741 loco,
693 2667 741 2743 qni
761 2664 849 2724 fuerit
868 2667 1040 2739 aptissimus,
1063 2671 1095 2724 ut
1115 2668 1175 2726 eius

74 2774 216 2831 cntionem
246 2767 375 2840 iniceret,
404 2768 484 2826 cuius
505 2767 625 2841 vestigia
647 2770 676 2826 et
699 2767 729 2825 in
752 2767 894 2841 prioribus
914 2767 1070 2826 Amoribus
1096 2775 1125 2827 et
1145 2769 1176 2826 in

74 2889 95 2929 »c
117 2873 182 2944 ipso
201 2868 326 2929 carmine
347 2872 525 2941 sequeretur,
540 2867 576 2926 ab
592 2866 692 2925 Ouidio
714 2868 836 2926 amicum
854 2883 936 2925 suum
949 2867 994 2924 vel
1015 2867 1175 2940 exemplum

74 2969 132 3043 ipio
152 2968 265 3028 silentio
287 2969 520 3042 praetermissum
542 2966 626 3026 esse?
661 2968 782 3028 Accedit
800 2966 874 3040 quod
888 2968 1075 3039 repetitiones
1089 2967 1175 3037 paulo

77 3070 171 3128 rietes
197 3067 233 3127 ad
260 3069 354 3141 ipsum
380 3066 452 3125 illud
480 3082 596 3125 carmen
621 3067 751 3139 quintum
777 3066 928 3124 continuae
957 3064 1026 3123 inde
1047 3080 1065 3122 a
1084 3081 1111 3123 v.
1137 3065 1174 3122 16

75 3164 204 3227 seruntur
223 3160 275 3242 (ef.
296 3166 405 3240 supra).
449 3167 527 3238 Quae
548 3182 613 3224 cum
634 3166 676 3223 ita
696 3165 761 3236 sint,
787 3164 930 3225 affirmare
952 3166 1044 3224 ausim
1065 3181 1101 3225 ex
1131 3180 1175 3234 eo,

76 3270 86 3327 i
119 3269 152 3324 in
185 3268 276 3341 elegia
306 3267 404 3338 quinta
435 3281 511 3323 nunc
542 3271 636 3325 exstet
663 3270 801 3324 contextu
829 3265 984 3338 ordineque
1011 3262 1172 3334 verborum,

75 3383 140 3425 rsus
171 3367 248 3438 apud
270 3365 401 3425 Ovidium
432 3370 617 3425 occurrentes
646 3365 766 3424 haustos
795 3380 867 3424 esse.
910 3363 985 3423 Nam
1010 3379 1075 3422 eum
1104 3362 1176 3422 nihil

80 3541 287 3548 ———..—.

128 3645 146 3714 1)
166 3649 206 3698 cf.
226 3649 355 3714 imprimis
372 3665 398 3714 p.
416 3651 450 3699 56
467 3651 534 3699 fasc.
552 3650 577 3701 1:
615 3649 683 3712 ‚Wie
703 3648 772 3700 Ovid
790 3649 848 3699 hier
872 3646 928 3714 (bei
948 3647 1004 3698 den·
1020 3646 1176 3697 wortlichen

76 3731 255 3800 rtlehnnngen)
274 3734 389 3786 bewusst
406 3733 460 3785 und
478 3751 510 3785 au
526 3735 615 3800 jenem
633 3737 801 3785 bestimmten
814 3735 912 3785 Zweclr
930 3734 1176 3786 tibullischeVerse

78 3828 89 3871 t
115 3821 207 3871 seinen
232 3822 344 3886 sigonem
367 3821 530 3872 verflochten
556 3821 609 3884 het,
632 3837 661 3872 so
683 3822 756 3872 kann
782 3837 809 3872 es
832 3820 878 3873 der
906 3820 1043 3887 spielende
1067 3820 1178 3871 Dichter

76 3907 110 3956 »hl
130 3906 199 3957 auch
217 3905 287 3956 noch
305 3905 372 3956 diter
390 3922 423 3956 zu
441 3907 556 3958 anderen
575 3907 703 3958 Zwecken
722 3907 882 3960 absichtlieh
905 3906 1004 3974 gethan
1021 3906 1119 3974 haben,
1137 3922 1177 3956 wo

87 4008 139 4043 uns
153 3994 222 4057 jetzt
246 3991 290 4045 bei
317 3992 363 4043 der
386 3999 472 4045 ersten
496 3995 613 4046 Lehtiire
637 3996 713 4047 nicht
730 3994 804 4044 mehr
823 4011 851 4044 so
869 3993 920 4044 in's
938 3994 1015 4059 Ange
1031 3994 1106 4054 sallt3
1123 4008 1178 4042 wer

76 4080 128 4143 ries,
148 4079 181 4129 oh
201 4094 230 4130 er
248 4078 332 4130 durch
349 4081 440 4133 solche
459 4081 600 4145 Anhlltnge
619 4081 694 4131 nieht
713 4080 859 4153 manchmal
876 4080 947 4131 aeine
967 4078 1179 4130 Gelehrsamhcit

76 4167 136 4230 lgen
154 4163 219 4214 oder
236 4167 327 4217 seinen
345 4167 446 4218 Lesern
466 4169 526 4217 eine
543 4166 632 4217 hlaine
650 4165 874 4235 Ueberresehung
891 4166 1008 4239 bereiten
1027 4164 1144 4216 wollte'?‘
