2656 4716
546 212 692 301 -.1.-

137 413 225 472 Poeta
252 413 340 487 igitur
368 427 444 471 anno
472 411 536 483 illo,
558 427 614 483 quo
643 412 742 471 consul
763 417 884 487 uterque
911 415 977 486 pari
997 413 1057 474 fato
1085 415 1189 476 cecidit

74 513 88 569 i.
104 496 127 572 es
143 529 217 572 anno
238 517 306 573 ente
322 511 391 572 Chr.
406 515 467 570 nat.
482 509 701 585 quadragesimo
724 514 812 573 tertio
832 518 918 574 natus
942 519 995 574 est.
1033 515 1096 575 Hoc
1110 516 1188 577 enirn

44 596 47 601 ’
73 626 130 670 tnnc
152 611 257 671 bellum
285 611 450 671 Mutinense
479 615 608 669 exortum
637 616 689 683 est,
712 629 767 685 qno
789 610 821 671 (1.
843 612 945 672 Vibius
967 613 1063 673 Pansa
1091 615 1201 691 consul,

43 708 213 785 'inproelio
243 715 345 770 oontm
365 710 530 781 Antonium,
554 711 602 782 qui
629 709 778 770 Decimum
806 711 928 771 Brutum
953 714 1085 773 Mutinae
1113 713 1188 772 obsi·

13 852 42 903 ὣ,
71 810 138 871 dione
162 811 315 886 clauserat,
337 808 411 870 facto
432 811 597 877 vulneratus
625 809 774 871 Bononiae
797 812 868 871 obiit
889 815 917 871 et
939 811 973 872 A.
997 813 1108 871 Hirtius
1130 814 1188 872 col·

67 910 120 984 lega
139 912 231 970 victor
253 913 282 969 in
303 911 413 985 proelio
435 911 593 993 Mutinensi
614 911 677 983 ipso
690 909 858 970 interfectus
872 916 926 970 est.
961 911 1079 972 Constat
1093 917 1190 972 autem

10 1064 25 1102 Π,
66 1011 176 1070 eundem
207 1026 269 1070 esse
299 1026 362 1068 eum
388 1026 502 1083 annum,
532 1027 587 1083 quo
608 1010 641 1069 P.
672 1011 788 1071 Ovidius
817 1010 895 1072 Naso
919 1013 950 1071 in
978 1013 1069 1071 lucem
1096 1013 1191 1073 editus

10 1108 31 1203 Γ]
63 1111 102 1183 sit,
124 1112 171 1184 qui
192 1111 291 1169 iisdem
314 1109 406 1169 verbis
427 1110 463 1169 de
486 1126 518 1169 se
539 1114 662 1170 testetur
684 1111 770 1199 Trist.
792 1112 842 1183 IV,
869 1115 915 1180 10,
940 1113 966 1170 5.
986 1115 1017 1171 6:

183 1236 282 1301 editas
304 1236 376 1300 tice
398 1259 452 1322 eyn
474 1260 561 1318 ecm,·
581 1261 637 1301 aec
657 1260 719 1301 aon
740 1251 774 1301 ct
795 1251 934 1324 tempora
955 1241 1054 1303 norim

289 1336 487 1401 eumoccidit
499 1336 578 1422 fcto'
598 1338 705 1402 corescl
724 1351 849 1425 aterque
867 1341 955 1424 paci.

137 1476 201 1537 Iam
231 1492 403 1549 quamquam
431 1478 561 1536 nonnulli
582 1492 617 1536 ex
637 1479 706 1536 viris
728 1478 818 1537 doctis
834 1479 899 1537 illos
914 1494 1013 1538 versus
1027 1479 1085 1537 alia
1099 1479 1188 1539 inter-

54 1576 216 1649 pretatione
236 1591 360 1650 urguere
381 1578 477 1635 conati
499 1582 575 1649 sunt,
598 1582 694 1636 tamen
716 1577 787 1636 nihil
808 1579 1000 1649 protulerunt,
1024 1577 1098 1651 quod
1119 1595 1188 1651 pro-

45 1675 150 1747 babile
171 1676 216 1735 sit.
245 1675 346 1735 ,Velut
367 1676 493 1751 Golbbry
514 1679 660 1751 scriptura

263 1802 412 1868 Natalem
434 1806 534 1868 austri
552 1806 691 1888 patrarem
711 1804 816 1868 videm
834 1818 979 1889 parentes

51 1957 105 2015 ‚ex
139 1940 228 2002 libris‘
268 1948 341 2004 teste
380 1944 566 2003 Lachmanno
612 1946 720 2018 ,paucis
750 1961 803 2003 nec
830 1943 923 2005 bonis‘
959 1946 989 2003 in
1025 1951 1190 2005 contextum

50 2041 206 2099 verborum
233 2048 351 2115 recepta
380 2060 486 2102 annum
509 2044 756 2117 quadragesimum
777 2044 901 2102 alterum
922 2045 1074 2119 intellegit.
1116 2043 1190 2105 Boni

54 2146 150 2200 autern
179 2142 292 2202 codices
323 2160 387 2202 eam
418 2143 559 2216 praebent
587 2145 747 2216 lectionem,
781 2159 854 2218 quae
882 2159 956 2202 nunc
987 2144 1070 2216 vulgo
1097 2141 1190 2203 fertur

10 2316 13 2325 Ι
54 2234 208 2317 (natalem
225 2238 330 2320 primo
351 2239 512 2323 nostram),
534 2246 577 2304 ita
597 2251 629 2303 ut
650 2245 760 2304 Natalis
774 2245 812 2303 sit
826 2244 905 2304 deus.
934 2242 1026 2302 Porro
1041 2243 1190 2317 Ayrmann

10 2340 17 2429 ζ.
57 2354 118 2399 curn
140 2358 195 2415 pro
217 2338 472 2404 ceetdtcvoeabulo
494 2340 584 2402 cesea’t
605 2344 833 2403 substituendum
853 2359 914 2402 esse
937 2343 1113 2417 coniecisset,
1128 2358 1190 2402 rem

10 2462 18 2497 ,·
53 2438 91 2498 ad
118 2457 226 2501 annum
253 2444 499 2519 quadragesimum
528 2460 631 2504 nonum
659 2443 782 2521 ¹rettulit,
803 2460 858 2515 quo
886 2444 920 2502 L.
946 2442 1080 2502 Claudius
1109 2439 1189 2502 Mar·
1294 2456 1297 2463 ’

10 2598 13 2607 ,
54 2540 142 2599 callus
172 2540 207 2599 L.
237 2539 386 2603 Cornelius
415 2561 483 2614 cos,
512 2561 575 2603 cum
605 2543 714 2603 Caesar
735 2542 798 2602 urbi
821 2542 1074 2615 adpropinquaret,
1097 2538 1190 2600 Roma

10 2624 15 2632 ’
55 2640 156 2699 relicta
176 2640 370 2701 Brundusium
393 2649 422 2702 et
446 2645 511 2704 iude
533 2643 570 2702 ab
591 2645 645 2703 boc
665 2644 770 2719 oppido
789 2644 820 2702 in
835 2642 986 2703 Graeciam
999 2644 1189 2700 recesserunt.

54 2738 111 2799 Sed
133 2757 184 2799 cur
213 2741 283 2800 baec
309 2742 381 2817 fuga
398 2736 509 2821 fatum
537 2744 613 2804 dicta
639 2750 715 2804 esset
742 2749 874 2818 apoeta,
903 2759 956 2801 nec
984 2740 1191 2819 demonstravit

55 2854 107 2898 uec
139 2840 335 2900 demonstrare
365 2846 468 2916 potuit.
513 2843 573 2903 Nec
602 2846 711 2904 maiore
741 2843 945 2919 probabilitate
976 2840 1190 2902 commendatur

54 2938 194 2997 Oebeclrii
215 2941 388 3016 coniectura,
411 2943 458 3016 qui
472 2958 585 3003 versum
606 2944 685 3001 illum
707 2944 922 3002 celeberrimum
945 2941 1053 3015 elegiae
1075 2941 1189 3011 nunna

10 3084 12 3089 .
54 3034 149 3096 refert
176 3039 211 3099 ad
243 3058 349 3100 annum
381 3045 585 3118 octogesimum
613 3044 747 3115 tertium,
777 3059 831 3117 quo
859 3042 892 3100 L.
915 3040 1065 3100 Cornelius
1094 3039 1190 3114 Scipio

57 3135 90 3197 O.
113 3137 209 3198 Iunius
231 3140 385 3203 Norbanus
408 3158 464 3202 cos.
488 3145 515 3202 vi
538 3147 624 3217 atque
645 3142 710 3203 dolo
733 3159 750 3202 a
772 3142 802 3202 G.
824 3141 956 3205 cornelio
979 3139 1059 3200 Sulla
1080 3140 1109 3199 in
1130 3139 1188 3201 Ita·

55 3237 126 3297 liam
146 3254 259 3301 reverso
279 3242 347 3302 victi
367 3247 441 3303 sunt.
485 3242 700 3316 contraquam
722 3244 917 3316 opinationem
945 3257 1008 3298 cum
1037 3238 1086 3298 alii
1108 3239 1188 3299 dixe·

54 3342 126 3395 runt
151 3342 211 3398 tum
243 3341 348 3399 Dissen
376 3339 425 3416 (de
453 3343 512 3417 rita
540 3339 647 3400 Tibulli
675 3360 703 3415 p.
733 3343 833 3402 XXIX
865 3339 938 3416 sqq.)
967 3340 1189 3414 locupletissima

54 3444 226 3512 argumenta
248 3441 399 3514 congessit.

137 3538 247 3598 Versus
275 3541 364 3615 igitur
391 3541 443 3612 III,
474 3545 501 3614 5,
534 3544 580 3615 18,
611 3543 635 3600 si
662 3543 736 3601 liber
763 3542 867 3601 tertius
896 3540 1011 3601 Tibullo
1043 3539 1191 3612 tribuitur,

57 3634 140 3696 buius
169 3654 274 3698 anuum
303 3641 428 3700 natalem
460 3642 498 3701 ad
530 3658 636 3701 annum
665 3641 914 3716 quadragesimum
943 3641 1061 3701 tertium
1089 3636 1189 3699 refert.

57 3732 115 3794 Sed
136 3736 266 3798 Tibullus
287 3741 312 3799 si
333 3740 382 3800 illo
405 3756 480 3800 anno
504 3747 587 3800 natus
608 3740 715 3813 inbuet,
738 3741 877 3801 tredecim
898 3742 944 3800 vel
963 3738 1189 3814 quattuordecim

58 3836 100 3895 rel
122 3837 284 3909 quindecim
312 3856 452 3900 annorum
481 3841 589 3900 iuvenis
610 3840 685 3900 bello
706 3840 879 3913 Aquitanico
901 3837 1076 3898 interfuisset
1097 3843 1135 3910 et,
1158 3842 1192 3896 ut

58 3935 117 4009 ipsa
138 3937 208 3997 dicit
229 3941 258 3997 in
278 3939 325 3998 lib.
347 3941 361 3998 I
382 3958 405 4001 c.
429 3942 447 3997 7
470 3958 494 4000 v.
518 3943 551 4000 9:

172 4055 246 4123 Noa
266 4054 335 4122 sine
355 4073 430 4125 mest
452 4059 507 4124 ebt
529 4066 558 4138 (i.
581 4081 605 4123 e.
628 4061 792 4138 Messallae)
810 4069 926 4142 partae
948 4055 1048 4133 docos,

60 4202 116 4247 uon
138 4189 201 4248 sine
219 4188 312 4264 gloria
332 4206 393 4249 rem
413 4191 554 4265 gessisset.
1097 4172 1099 4176 ’
