2656 4716
593 737 722 817 Cruor
751 732 804 816 V.

205 950 253 1008 De
283 914 422 1023 penes-e
452 947 603 1007 dicendi
632 964 695 1006 cnm
727 947 894 1007 Lachmann
923 948 953 1005 in
981 947 1166 1010 adnotatione
1192 952 1268 1012 libro

127 1051 213 1110 tertio
243 1047 376 1106 editionis
403 1047 564 1121 praemissa
591 1049 740 1120 complura
765 1053 870 1107 contra
892 1046 1054 1122 Tibullum,
1081 1067 1164 1124 quern
1191 1052 1269 1111 hunc

79 1180 86 1213 ¹:
128 1149 234 1211 librum
253 1148 401 1222 scripsisse
422 1146 577 1220 putabant,
599 1149 797 1221 congessisset,
819 1162 912 1219 pauca
934 1152 1001 1219 post
1027 1165 1093 1208 eum
1116 1151 1170 1209 viri
1191 1151 1270 1212 docti

79 1238 85 1257 *
127 1246 308 1308 addiderunt.
350 1246 431 1304 Haec
459 1247 555 1305 omnia
583 1248 624 1304 ita
652 1246 845 1319 percensebo,
874 1253 907 1305 ut
928 1250 1074 1321 nonnulla,
1107 1265 1179 1323 quae
1208 1254 1270 1324 ipse

131 1347 300 1423 conquisivi,
324 1345 485 1406 adnectam.
530 1345 638 1406 Omitto
666 1345 765 1418 affere,
789 1362 862 1419 quae
884 1347 957 1406 Fuss
978 1365 1006 1420 p.
1031 1348 1070 1407 67
1092 1353 1123 1406 et
1145 1352 1184 1408 68
1204 1367 1270 1410 cum

128 1447 162 1508 de
173 1440 286 1506 maadi
305 1445 443 1507 vocabulo
463 1451 494 1504 et
514 1447 550 1507 de
572 1442 654 1514 dom,
676 1439 768 1525 qood,
784 1439 842 1504 obi
853 1447 1005 1518 particulis
1019 1447 1190 1522 disputaret,
1203 1448 1269 1508 feli·

79 1536 81 1541 ’
128 1549 197 1607 citer
219 1549 323 1606 contra
341 1545 561 1605 Lachmaunurn
582 1543 718 1607 defendit.
756 1546 812 1606 Sed
833 1547 916 1605 utin
938 1547 1074 1619 loquendi
1096 1554 1270 1622 usupoeta·

128 1663 187 1706 rum
210 1646 404 1720 elegiaeorum
425 1645 597 1707 illustrando
616 1653 698 1706 recte
717 1645 885 1722 iudicemus,
908 1663 944 1704 ea
965 1652 1133 1706 constanter
1153 1649 1267 1725 addam,

79 1814 81 1819 ,
127 1763 199 1819 quae
220 1746 298 1820 apud
319 1745 505 1818 Propertium
526 1749 557 1804 et
577 1744 709 1805 Ovidium
729 1745 874 1818 leguntur.
981 1779 984 1785 -

79 1858 95 2353 ι

79 2360 87 2457 Ι,

207 1842 338 1903 Primum
359 1845 458 1919 igitur,
481 1849 514 1903 ut
535 1843 572 1903 de
595 1843 947 1903 exclamationibus
978 1843 1143 1905 brevissime
1172 1863 1273 1920 agam,

129 1943 289 2020 Lygdamus
312 1941 466 2003 formulam
493 1943 670 2003 exsecrantis
698 1942 815 2002 exhibet
836 1961 857 2000 a
875 1951 986 2020 pereat
1011 1948 1040 2015 4,
1065 1947 1113 2017 62,
1137 1945 1268 2004 Tibullus

126 2048 220 2102 autem
241 2042 431 2121 operculi,
455 2046 482 2111 1,
500 2043 554 2100 bl.
576 2042 615 2110 Il,
637 2046 665 2112 4,
689 2045 729 2104 27
750 2042 825 2102 adde
846 2042 896 2114 IV,
920 2045 949 2118 3,
972 2044 1000 2113 6,
1022 2048 1142 2116 uterque
1162 2046 1214 2116 ita,
1236 2050 1268 2104 ut

128 2159 222 2203 ornnes
245 2143 356 2217 codices
377 2143 430 2201 iras
451 2143 608 2215 scripturas
631 2143 840 2207 commendent.
884 2142 939 2215 Qui
960 2157 1059 2200 versus
1091 2143 1120 2199 in
1142 2143 1267 2215 antiquis

125 2242 296 2315 editionibus
317 2243 424 2318 legitur
445 2243 477 2301 in
497 2240 548 2299 lib.
569 2240 601 2299 H
622 2258 646 2301 c.
671 2245 688 2301 3
710 2259 735 2302 v.
760 2244 813 2302 75:

286 2367 338 2431 Al
351 2378 490 2452 pereant
510 2379 593 2431 ortes
615 2379 643 2430 et
664 2367 772 2432 mollia
792 2369 868 2432 istra
888 2369 1019 2447 colendi,

79 2488 81 2495 ¹
126 2524 188 2569 eum
208 2508 337 2581 spurium
364 2521 426 2567 esse
455 2478 562 2569 dudum
588 2488 711 2566 constat.
733 2496 736 2501 ’
757 2508 800 2567 'In
821 2506 969 2581 Propertii
990 2509 1088 2582 elegiis
1110 2510 1267 2580 repperio

124 2595 252 2688 peream
277 2608 329 2678 ΠΙ,
353 2610 400 2677 rs,
426 2609 476 2681 13,
493 2607 528 2666 ἀ
547 2613 657 2685 pereat
676 2607 699 2677 1,
725 2608 752 2678 3,
779 2609 825 2666 12.
851 2611 898 2680 17,
924 2611 972 2666 ra.
1014 2607 1066 2683 111,
1090 2609 1139 2679 31,
1161 2609 1216 2679 273
1246 2625 1267 2665 a

120 2715 254 2789 pereant
272 2706 297 2781 I,
322 2710 369 2785 11,
393 2710 442 2767 30.
484 2706 537 2788 ΙΙΙ,
562 2706 609 2778 17,
636 2708 683 2778 12,
706 2724 779 2780 quae
799 2708 902 2767 ultIma
923 2704 1047 2767 formula
1068 2704 1171 2779 qu'ater
1186 2707 1266 2780 apud

125 2809 258 2868 Ovidium
287 2812 400 2866 exstat:
443 2806 480 2865 A.
503 2807 539 2867 A.
562 2806 614 2878 111,
638 2808 710 2865 494.
752 2806 790 2878 ΙΙ,
814 2809 884 2865 272.
925 2805 1009 2865 Fast.
1031 2806 1081 2874 IV,
1104 2808 1267 2864 240.241.

123 2909 204 2981 Quae
231 2906 392 2966 interiectio
425 2907 540 2979 saepius
569 2906 646 2979 apud
681 2905 826 2965 Tibullum
855 2906 963 2980 legitur
990 2911 1020 2965 et
1048 2923 1112 2965 cum
1142 2907 1268 2965 orationi

124 3008 251 3082 vigorem
280 3006 471 3080 ardoremque
501 3005 621 3085 tribuat,
648 3011 753 3081 poetae
773 3008 804 3065 in
827 3005 936 3065 deliciis
957 3005 1072 3063 videtur·
1091 3001 1186 3077 fuisse,
1208 2997 1267 3062 beo

123 3112 154 3166 et
184 3101 242 3166 seo
269 3100 328 3165 leo
355 3098 428 3177 (teo
456 3105 482 3178 r,
504 3108 533 3176 4,
557 3106 605 3164 57.
630 3108 657 3178 5,
682 3108 730 3166 or.
758 3087 788 3178 ’3,
811 3104 933 3165 naor.
974 3104 1013 3178 11,
1036 3106 1063 3177 3,
1088 3107 1137 3163 re.
1159 3108 1188 3176 4,
1213 3106 1266 3178 33,

120 3201 183 3264 leo
211 3200 270 3264 leo
297 3204 321 3272 Ι,
350 3208 378 3277 4,
407 3208 456 3264 81.
487 3207 516 3280 o,
550 3207 597 3264 ro.
640 3204 678 3278 11,
710 3207 738 3277 5,
766 3207 834 3264 roe.
857 3208 886 3277 3,
909 3207 958 3265 43.
999 3201 1267 3277 IV,13,17),ea

121 3322 263 3379 nusquam
283 3307 313 3364 in
336 3306 410 3389 libro
431 3306 519 3386 tertio
541 3305 677 3365 occurrit.
694 3305 745 3385 ,In
759 3304 906 3377 Propertii
926 3304 1086 3368 librisc‘um
1106 3296 1164 3360 beo
1185 3303 1266 3362 iden·

120 3407 212 3466 tidem
240 3406 405 3478 reperiatur
434 3400 529 3479 (31.1,
555 3409 581 3477 1,
606 3405 655 3462 38.
678 3407 708 3475 4,
730 3408 780 3463 22.
822 3404 861 3474 Il,
885 3406 914 3477 5,
944 3403 973 3462 8.
1015 3403 1070 3479 111,
1093 3405 1120 3474 3,
1146 3404 1265 3474 15.13,

123 3508 173 3565 16.
215 3507 265 3575 IV,
290 3509 338 3578 14,
361 3506 389 3564 6.
432 3505 468 3577 V,
486 3507 514 3570 1,
530 3507 579 3563 94.
603 3505 696 3573 3,17.
719 3507 745 3576 7,
769 3505 819 3567 21,
844 3507 891 3574 10,
908 3506 974 3581 27),
997 3519 1138 3577 nusquam
1160 3503 1266 3576 legitur

117 3600 180 3665 leo
211 3599 270 3663 beo
287 3604 318 3678 ¹),
347 3622 400 3680 pro
430 3620 487 3677 qua
516 3603 661 3677 geminata
690 3604 890 3664 interiectione
918 3604 1036 3663 Ovidius
1063 3604 1165 3664 maluit
1192 3596 1266 3660 eheu

192 3887 213 3957 1)
231 3890 367 3941 casuram
385 3887 519 3956 (enatent.
539 3882 639 3940 carun.
655 3902 684 3953 p.
703 3886 746 3955 34)
765 3872 806 3939 au'
819 3889 877 3941 cat.
891 3886 1060 3955 unumne
1075 3894 1101 3940 et
1114 3890 1130 3938 3
1142 3887 1263 3938 adnotat:

118 3976 217 4039 ,Valde
234 3975 336 4042 dubito,
355 3990 419 4026 num
437 3978 522 4028 forma
541 3973 655 4038 ,keubea‘
675 3976 785 4040 antique
802 3976 838 4027 sit
839 4011 882 4043 .....
901 3981 1014 4039 utroque
1031 3990 1112 4026 versu
1133 3974 1200 4040 ipsis
1218 3987 1266 4024 oo-

116 4060 228 4115 dicibus
246 4063 360 4114 ducibus
379 4060 456 4126 ,cbess‘
477 4061 671 4114 restituendum
698 4058 745 4112 est‘
767 4060 800 4112 cf.
820 4061 850 4112 l..
871 4059 995 4111 Mueller.
1012 4060 1048 4110 ad
1065 4061 1126 4112 Tib.
1145 4060 1169 4126 I,
1186 4060 1211 4120 4,
1231 4059 1262 4109 81

115 4147 220 4216 (praei.
233 4165 259 4215 p.
277 4149 363 4214 XIX).
