2656 4716
484 657 488 665 ’
608 657 742 746 Creon
766 661 860 744 Vll.

245 851 408 910 Verisimile
429 856 475 909 cst
496 866 603 924 omnes,
632 851 735 924 quibus
763 853 867 911 tertius
892 850 965 910 liber
994 847 1124 922 corporis
1152 845 1208 904 Tib
1250 844 1257 859 '

117 961 126 969 ·
163 950 298 1023 efficitur,
328 949 437 1023 elegias
459 949 495 1007 ab
518 966 575 1008 nno
598 957 628 1009 et
649 951 750 1010 eodem
763 956 861 1023 poeta
881 948 1054 1020 compositas
1079 960 1158 1019 csso;
1188 959 1255 1003 nam

162 1051 213 1121 qni
245 1049 374 1107 carmina
402 1049 528 1121 collegit,
562 1050 715 1121 epistolam
742 1051 822 1109 illam
841 1048 905 1123 (111,
929 1046 970 1120 ὅ),
1001 1048 1026 1106 si
1054 1045 1106 1105 alii
1132 1044 1247 1103 auctori

161 1147 274 1220 reliqna
294 1147 422 1206 eiusdem
444 1146 511 1205 libri
534 1150 662 1207 carmina
675 1149 830 1208 tribuenda
844 1152 930 1217 esset,
951 1148 999 1205 vix
1014 1145 1113 1218 elegiis
1129 1142 1238 1203 inserui

163 1244 235 1304 Cum
257 1251 353 1304 autern
377 1246 589 1305 demonstrasse
610 1248 680 1306 mihi
712 1248 812 1308 videar
842 1247 994 1321 epistolam
1022 1244 1104 1303 illam
1132 1241 1170 1300 ad
1200 1241 1302 1300 amicot

111 1419 113 1423 Ι
162 1345 198 1404 ab
220 1345 322 1404 Ovidio
345 1345 443 1404 datam
464 1362 535 1417 esse,
565 1346 639 1405 benc
671 1346 741 1405 mihi
764 1347 877 1418 accidit,
907 1343 984 1417 quod
1013 1358 1076 1402 cum
1102 1341 1160 1400 hac
1185 1328 1320 1413 epistole}

161 1449 275 1503 ceterae
296 1444 364 1502 libri
385 1445 465 1502 tertii
486 1444 596 1517 elegiae
617 1447 647 1503 in
668 1446 788 1518 singulis
819 1446 941 1516 poeticis
969 1441 1123 1516 phrasibus
1152 1436 1301 1499 communi·

161 1548 249 1602 tatern
272 1543 416 1615 quandam
438 1542 556 1609 habent,
586 1560 643 1616 qua
664 1549 696 1601 ut
718 1545 808 1603 totius
828 1543 895 1602 libri
916 1542 997 1602 tertii
1010 1544 1159 1599 auctorem
1175 1536 1301 1597 Ovidium

161 1656 223 1700 esse
245 1640 395 1700 credamus
418 1642 505 1699 etiarn
526 1643 617 1716 magis
640 1658 860 1702 commovemur.
926 1666 932 1676 ·

245 1740 290 1799 Ac
310 1740 432 1814 primum
453 1741 568 1813 quidem
590 1734 826 1798 Lethaeo-ralia
847 1745 877 1799 et
898 1739 953 1816 111,
976 1738 1005 1810 5,
1028 1739 1069 1796 24
1089 1741 1119 1795 et
1138 1735 1194 1807 ΙΙΙ,
1216 1736 1245 1805 3,
1269 1734 1303 1791 lo

163 1841 280 1912 legitur,
319 1854 393 1910 quae
425 1839 514 1898 verba
547 1856 641 1913 neque
670 1841 746 1914 apud
774 1841 940 1900 Lucretium
971 1837 1116 1896 Catullum
1144 1831 1320 1923 Vergilium:

160 1937 314 1997 Horatium
342 1936 485 1995 Tibullum
513 1936 697 2010 Propertium
727 1956 817 2012 neque
849 1938 926 2011 apud
957 1939 1050 2009 ipsum
1082 1933 1216 1993 Ovidium
1238 1938 1320 1990 rou-⁶

163 2038 260 2095 iuncta
281 2037 392 2106 inveni3
421 2038 469 2108 qni
498 2042 601 2108 poetae
630 2053 728 2096 omnes
750 2054 815 2096 curn
835 2038 894 2095 sint
913 2037 975 2094 veri
995 2032 1091 2094 fontes
1121 2048 1155 2090 ao
1177 2028 1303 2090 thesauri

163 2136 295 2208 poeticae
330 2135 499 2195 elocutionis
528 2136 558 2191 in
588 2136 833 2206 comparationem
859 2138 1028 2193 constanter
1056 2149 1074 2191 a
1102 2129 1187 2189 nobis
1214 2126 1306 2189 voud-

131 2314 135 2322 .
162 2239 238 2292 sunt.
268 2233 350 2305 Quod
371 2249 439 2293 vero
462 2231 579 2291 Ovidius
598 2234 661 2305 ipse
682 2234 713 2291 in
735 2235 839 2292 ceteris
860 2232 1036 2292 carminibus
1057 2236 1157 2288 ratem
1179 2220 1297 2291 Ledeue

163 2348 216 2388 cm
247 2346 390 2404 nusquam
420 2331 558 2407 adhibuit,
590 2332 693 2391 mirum
715 2347 777 2391 esse
799 2347 856 2390 non
884 2331 1008 2402 videtur,
1036 2347 1102 2390 curn
1131 2333 1161 2386 ct
1187 2329 1218 2387 in
1244 2325 1294 2385 alie

163 2431 296 2503 operibus
316 2435 347 2489 et
367 2432 397 2488 in
418 2431 463 2488 his
483 2432 562 2502 ipsis,
585 2432 621 2489 de
642 2430 745 2504 quibus
766 2412 954 2504 disputamus,
976 2430 1075 2501 elegiis
1090 2442 1213 2501 magnus
1226 2426 1292 2483 locu·

163 2531 273 2589 tionum
301 2545 439 2588 numerus
468 2535 573 2602 exstet,
604 2546 676 2602 qnae
705 2529 783 2602 apud
807 2547 871 2589 cum
896 2546 954 2589 non
975 2529 1111 2601 leguntur
1131 2526 1188 2584 nisi
1207 2520 1289 2583 semel
1317 2544 1320 2579 :

163 2627 264 2700 Neque
292 2631 385 2688 minus
416 2623 541 2686 miceam
563 2622 613 2687 tac
634 2629 662 2700 5,
694 2631 734 2687 34
761 2633 791 2686 et
812 2629 841 2698 2,
873 2629 915 2686 20
941 2627 1067 2686 dictione
1095 2634 1289 2684 commovemur

163 2743 221 2785 non
250 2727 442 2800 seiungendos
479 2742 542 2785 csse
570 2731 672 2799 poetas
701 2727 837 2786 carminis
867 2726 962 2798 quinti
990 2730 1020 2784 et
1048 2729 1211 2783 ceterarum
1235 2716 1297 2785 libri

163 2825 243 2885 tertii
263 2825 429 2898 elegiarum.
472 2824 584 2885 Eadem
605 2824 695 2883 verba
715 2831 835 2898 praeter
856 2825 909 2883 hos
930 2824 1010 2883 locos
1032 2821 1109 2895 apud
1128 2836 1216 2879 unnrn
1235 2815 1288 2877 Ovi·

162 2924 240 2985 dium
261 2940 413 2983 recurrere
433 2921 511 2983 infra
532 2924 746 2983 demonstrabo.

244 3021 302 3082 Sed
315 3023 407 3081 missis
420 3022 496 3094 aliis,
518 3038 600 3096 quae,
623 3029 655 3081 ut
670 3023 843 3083 sententiam
856 3027 987 3083 nostram
997 3021 1186 3088 firmaremus,
1201 3014 1290 3077 affetu

161 3127 333 3194 poteramus,
348 3121 439 3180 veluti
453 3120 628 3181 mentionem
648 3121 695 3180 dei
716 3123 764 3194 qui
786 3127 816 3182 et
837 3124 866 3198 5,
889 3125 928 3181 33
950 3126 981 3180 ct
1004 3125 1031 3193 1,
1053 3122 1093 3180 28
1107 3164 1114 3178 .
1127 3122 1155 3191 3,
1178 3121 1217 3178 38
1240 3106 1290 3177 Dl'l

160 3224 291 3295 vocatur,
306 3223 337 3278 et
350 3234 431 3278 usum
446 3211 575 3298 lympha
588 3219 719 3279 vocabuli
730 3225 764 3280 et
777 3222 807 3279 in
823 3238 847 3281 c.
864 3220 892 3293 5,
916 3224 934 3281 3
956 3227 987 3279 et
1009 3221 1037 3291 6,
1059 3220 1100 3278 58
1114 3212 1289 3281 cocurronlib

160 3319 261 3379 statim
281 3319 319 3381 ad
341 3333 391 3377 eas
412 3319 571 3381 locutiones
591 3319 715 3378 transire
736 3320 833 3392 liceat,
857 3335 930 3393 quae
951 3317 1030 3392 apud
1051 3321 1153 3391 poetas
1174 3315 1205 3373 iu
1225 3324 1290 3381 ehu·
1318 3315 1320 3319 ’

162 3420 341 3490 parationem
361 3423 479 3477 vocatos
500 3434 557 3479 non
578 3419 714 3491 leguntur
748 3420 803 3477 nisi
833 3418 910 3493 apud
938 3423 1079 3477 nostrum.
1120 3416 1183 3473 lam
1203 3424 1290 3485 quan·

161 3531 246 3589 quam
267 3517 406 3575 nonnulla
426 3532 462 3576 ex
482 3517 528 3587 iis,
550 3533 623 3590 quae
650 3519 818 3585 recensebo,
846 3532 911 3576 curn
939 3517 1017 3590 apud
1038 3520 1147 3590 poetas,
1174 3515 1224 3587 oui
1240 3514 1291 3569 tu!

159 3612 311 3682 florebant,
339 3616 530 3675 usitatissima
548 3615 635 3675 inisse
655 3617 818 3692 videantur,
840 3621 937 3677 tamen
959 3617 1026 3690 quia
1056 3615 1147 3676 multa
1174 3609 1292 3672 omnm

159 3718 314 3789 praecipue
333 3714 436 3775 aetatis
456 3714 622 3788 Augusteae
641 3717 801 3788 perierunt,
823 3717 994 3777 testimoniis
1014 3713 1125 3775 firmari
1146 3709 1291 3786 nequeunt·

160 3829 266 3886 magna
285 3813 433 3886 phrasium
454 3829 523 3885 pars
543 3830 561 3872 a
585 3813 667 3873 nobis
688 3815 791 3887 priore
807 3815 871 3874 loco
891 3817 1006 3888 prolata
1026 3828 1085 3873 non
1107 3808 1293 3884 spernendum

158 3914 190 3972 in
210 3917 297 3986 poeta
316 3910 434 3972 infuisse
454 3914 600 3986 ingenium
620 3913 700 3972 testis
715 3918 767 3980 est,
788 3929 880 3987 neque
902 3912 1011 3986 dubito,
1035 3913 1102 3985 quin
1125 3926 1178 3970 eae
1200 3909 1237 3969 ab
1257 3920 1292 3973 em

160 4012 209 4083 qui
232 4010 338 4070 librum
359 4011 479 4069 tertium
500 4013 622 4085 scripsit,
652 4013 784 4072 inventae
806 4018 836 4072 et
865 4013 896 4071 in
924 4029 1007 4071 usum
1034 4011 1178 4085 poeticum
1209 4015 1294 4068 tram

157 4109 237 4168 latae
258 4111 323 4169 sint.
367 4109 429 4182 Quo
451 4111 622 4170 innumero
644 4111 717 4170 haec
739 4110 848 4170 habere
877 4111 977 4170 velim:
1007 4125 1110 4168 coena
1135 4101 1294 4188 perluceat

134 4374 227 4400 A
