2580 4734
537 699 538 703 ,
591 564 723 705 Curua
750 619 829 702 Π.·

172 774 174 779 .
212 809 255 869 Ac
282 813 406 884 primum
436 812 550 883 quidem
578 812 608 870 iu
637 811 782 871 codicibus
815 811 946 871 omnibus
967 826 1020 870 nec
1040 782 1132 868 minus
1153 809 1185 867 iu
1206 824 1264 880 ,ex-

131 908 249 984 cerptis‘
270 909 344 970 liber
365 911 466 997 tertius
488 909 595 969 Tibulli
616 911 730 970 nomine
751 909 957 971 circumfertur.

154 1048 155 1053 κ
214 1008 344 1082 Quinque
366 1016 461 1069 autem
482 1008 549 1068 libri
576 1011 656 1068 tertii
677 1012 852 1071 carminibus
875 1011 919 1082 (1.
942 1014 971 1069 2.
996 1010 1024 1068 3.
1047 1011 1075 1067 4.
1098 1008 1128 1080 6)
1159 1008 1264 1068 descri-

23 1186 27 1194 Ι
72 1100 74 1105 ’
127 1110 206 1171 bitur
219 1110 361 1184 Lygdami
383 1112 430 1183 qui
451 1115 568 1169 vocator
581 1125 671 1180 amor,
689 1126 745 1182 quo
760 1111 902 1170 Neaeram
917 1109 1057 1182 quandam
1072 1107 1263 1182 amplectitur,

129 1211 229 1284 quinta
250 1209 343 1282 elegia
364 1209 492 1268 continet
512 1209 663 1281 epistolam
684 1225 702 1266 a
722 1216 808 1283 poeta
829 1218 947 1284 aegroto
971 1209 1008 1268 ad
1029 1208 1136 1267 amicos
1159 1208 1264 1267 datam

211 1309 256 1366 De
281 1324 337 1381 qua
364 1308 457 1381 elegia
485 1307 548 1381 (111,
571 1304 603 1381 o)
626 1309 748 1382 primum
775 1325 901 1383 agamus,
922 1325 984 1367 cum
1007 1323 1043 1366 ex
1062 1324 1088 1366 r.
1113 1308 1152 1363 17
1176 1313 1206 1366 et
1229 1309 1263 1366 18

127 1409 211 1468 huius
232 1409 368 1468 carminis
389 1423 494 1481 magna
517 1424 585 1480 pars
608 1411 781 1482 quaestionis
802 1415 880 1468 recte
907 1408 1102 1467 instituendae
1131 1408 1263 1481 pendeat.

132 1510 254 1580 Scripsit
281 1513 377 1567 autem
405 1513 492 1580 poeta
519 1508 594 1566 hanc
622 1509 743 1583 elegiam
768 1510 814 1567 vel
844 1509 994 1582 epistolam
1031 1507 1069 1567 ad
1102 1508 1210 1566 amicos
1236 1509 1262 1566 iu

133 1610 213 1682 aquis
235 1607 405 1680 quibusdam
426 1606 563 1666 Etruriae
586 1608 630 1680 (5,
649 1613 674 1666 1.
690 1604 745 1686 29)
768 1608 916 1681 degentes,
939 1608 1005 1666 dum
1026 1607 1088 1680 ipse
1109 1625 1145 1667 ex
1166 1608 1265 1672 morbo

131 1710 260 1784 grauiter
280 1702 415 1766 laborans
436 1709 493 1766 iam
514 1713 726 1781 praematuram
747 1714 869 1769 mortem
890 1709 1040 1766 imminere
1061 1712 1152 1781 putat.
1197 1707 1264 1767 Pre-

129 1808 210 1868 cibus
230 1808 318 1882 igitur
341 1808 408 1867 deos
428 1809 572 1880 implorat,
596 1813 628 1867 ut
641 1809 695 1867 sibi
709 1810 828 1883 propitii
841 1812 971 1881 parcant,
988 1810 1036 1880 qui
1050 1823 1102 1866 nec
1114 1809 1266 1884 sacrilegio

134 1925 228 1982 neque
250 1908 307 1966 alio
329 1907 436 1966 scelere
462 1907 520 1966 ullo
550 1913 671 1966 mortem
692 1914 906 1982 praematuram
927 1910 1074 1966 meruerit.
1118 1909 1193 1966 Tum
1215 1910 1268 1968 ite·

130 2026 194 2069 rum
214 2011 321 2068 amicos
344 2007 470 2081 appellat
492 2023 596 2080 eosque
617 2009 758 2078 hortatur,
780 2013 812 2066 ut
830 2024 883 2081 pro
905 2008 998 2066 salute
1019 2023 1071 2065 sua
1091 2007 1147 2066 diis
1164 2006 1267 2066 inferis

129 2126 213 2169 sacre
233 2107 348 2168 faciant.

215 2209 284 2280 Quis
305 2205 392 2265 fuerit
412 2211 499 2279 poeta
519 2212 664 2278 aegrotus,
688 2225 779 2281 neque
799 2225 835 2266 ex
857 2209 981 2267 carmine
1002 2210 1186 2282 ipsamque
1203 2225 1268 2266 cum

133 2311 263 2368 iuvenem
285 2323 314 2366 se
335 2307 461 2379 appellet
486 2303 534 2379 (cf.
556 2323 581 2363 v.
605 2307 633 2365 6.
658 2306 695 2363 15
719 2322 760 2380 sq.
784 2308 822 2365 19
846 2308 913 2380 sq.),
936 2308 1046 2367 nullum
1075 2324 1178 2366 nomen
1201 2326 1268 2381 pro·

131 2411 223 2484 prium
246 2407 335 2482 addit,
357 2422 448 2480 neque
470 2406 583 2466 aliunde
604 2407 718 2466 scimus.
755 2405 892 2466 Attamen
912 2424 1000 2482 usque
1023 2407 1059 2467 ad
1078 2406 1134 2466 hoc
1154 2412 1268 2481 tempus

131 2511 168 2578 ei,
196 2510 245 2584 qui
274 2505 389 2567 Tibullo
419 2505 524 2564 librum
554 2507 670 2565 tertium
699 2506 860 2583 adsignant,
882 2507 934 2566 sub
963 2507 1013 2566 illo
1039 2513 1157 2580 aegroto
1182 2513 1267 2582 poeta

133 2610 279 2671 Tibullum
307 2609 398 2666 latere
425 2611 537 2680 putant,
566 2608 614 2678 qui
642 2622 705 2665 cum
732 2605 787 2664 hac
816 2607 959 2667 sententia
987 2607 1168 2680 discrepant,
1193 2609 1266 2682 Lyp-

130 2709 255 2769 demum.

116 2858 118 2862 ,
215 2808 258 2868 Ao
279 2808 401 2880 primum
423 2798 538 2878 quidem
561 2811 663 2864 contra
684 2805 829 2863 Tibullum
849 2805 931 2864 huius
960 2806 1093 2864 carminis
1120 2813 1270 2866 auctoren-

131 2925 227 2970 versus
250 2909 288 2965 17
310 2911 340 2966 et
370 2909 406 2966 18
435 2906 559 2965 clamare
587 2905 643 2964 viri
662 2905 737 2964 docti
765 2906 870 2965 dudum
892 2906 1108 2966 adnotaverunt.
1160 2905 1267 2966 Versus

131 3016 229 3070 autem
250 3015 316 3067 sunt
336 3007 381 3066 hi:

279 3123 430 3190 Natalem
448 3123 552 3209 primo
574 3135 714 3186 acetrum
736 3122 839 3186 cidere
857 3135 1012 3207 parentes,

323 3225 400 3288 Cum
421 3223 534 3287 cecidit
553 3223 621 3303 foto
643 3223 748 3287 consul
768 3235 894 3308 aterque
910 3224 995 3306 pori.
1004 3229 1028 3300 ¹)

222 3465 242 3535 ¹)
260 3468 291 3517 Iu
312 3465 430 3519 versibus
449 3466 564 3517 citandis
582 3465 624 3515 his
642 3480 705 3515 usus
724 3477 781 3516 sum
799 3461 974 3514 editionibus:

221 3555 251 3606 T.
270 3555 383 3605 Lucreti
409 3553 469 3605 Cari
494 3552 526 3602 de
550 3567 638 3602 rerum
661 3556 754 3601 natura
777 3550 841 3602 libri
867 3565 922 3601 sex.
945 3549 1056 3601 Carolus
1085 3551 1269 3603 Lachmannns

134 3642 266 3696 recensuit
284 3647 310 3692 et
328 3639 488 3691 emendavit
524 3638 640 3689 Berolini
659 3638 735 3687 1860.

220 3728 319 3780 Catulli
336 3726 441 3779 Tibulli
460 3724 593 3791 Propertii
612 3726 729 3775 carmina
746 3724 877 3774 recensuit
887 3728 913 3774 et
924 3725 1058 3789 praefatus
1076 3728 1116 3774 est
1134 3723 1269 3776 Lucienus

135 3815 256 3866 Mueller.
291 3815 400 3880 Lipsiae
420 3813 494 3864 1870.
1224 3803 1227 3809 '

221 3901 251 3951 Ρ.
270 3900 381 3966 Vergilii
402 3899 520 3950 Maronis
538 3913 618 3963 opera
634 3899 767 3950 recensuit
785 3897 847 3950 Otto
863 3897 990 3949 Ribbeck.
1010 3896 1114 3962 Lipsiae
1125 3897 1269 3949 retente

223 3987 254 4050 Q.
273 3986 381 4037 Horatii
402 3985 494 4036 Flacci
519 3987 646 4036 carmina.
682 3985 845 4052 Recognovit
868 3990 895 4035 et
916 3983 1049 4050 praefatus
1073 3988 1113 4032 est
1135 3982 1270 4035 Lucienus

133 4075 256 4128 Mueller.
292 4073 398 4138 Lipsiae
418 4073 495 4125 1811.
1006 4133 1009 4140 Ι

221 4161 252 4212 Ρ.
271 4159 365 4222 Ovidii
381 4159 494 4212 Nasonis
513 4159 630 4211 carmina
644 4157 728 4210 edidit
736 4157 886 4210 Alexander
899 4157 986 4209 Riese.
1004 4154 1113 4221 Lipsiae
1126 4155 1270 4207 latr-tt
