2656 4716
557 188 707 278 ...e-

89 387 230 445 lisionem
243 387 352 459 cepisse
365 386 507 447 videatur.
550 385 683 446 Ovidium
704 389 804 444 antem
827 401 921 459 paene
934 402 1056 460 puerum
1070 391 1200 451 carmina

89 465 254 559 imposuisse
273 487 336 558 ipse
356 488 482 559 posteris
503 485 624 546 tradidit
645 486 735 544 Trist.
758 483 809 558 1v,
833 488 881 558 10,
906 487 943 543 19
966 502 1024 560 sq.:

208 580 253 642 As
272 579 349 643 mill
369 581 438 644 iam
456 601 583 664 puero
605 577 753 642 coeleste
774 600 869 643 soora
885 577 1057 663 placebant

195 681 200 695 '
249 679 351 763 Inque
371 701 463 743 suam
475 677 630 763 fartim
653 677 748 744 Mosa
769 677 910 743 trahebas
930 700 1017 764 opus.

146 784 209 844 Nec
230 790 328 844 tamen
349 789 420 844 ante
443 783 738 857 quintumdecimum
762 783 867 843 aetatis
889 800 994 843 annum
1015 801 1116 845 versus
1138 802 1204 847 eum

89 886 203 959 tpigissc
223 902 259 945 ex
281 885 410 944 eiusdem
431 884 543 959 elegiae
563 899 590 942 v.
613 886 652 943 27
675 882 846 943 concludere
867 882 943 947 licet
987 883 1044 944 Sed
1065 885 1121 944 bac
1142 882 1203 947 iere

89 990 155 1044 tate
182 985 229 1045 vel
255 986 342 1059 paulo
363 989 429 1058 post
448 986 574 1058 primum
595 984 626 1042 in
647 980 778 1042 versibus
809 982 1016 1054 componendis
1036 985 1202 1046 tirocinium

88 1085 177 1143 ridius
198 1083 276 1143 fecit.
318 1084 353 1142 In
374 1083 489 1157 pnblioo
518 1088 617 1143 autem
637 1082 768 1141 carmina
796 1097 833 1139 ex
860 1097 941 1141 more
971 1088 1126 1154 poetarum
1155 1087 1204 1159 qui

88 1199 119 1242 nn
139 1180 285 1244 florebant
297 1200 363 1243 eum
377 1181 442 1243 fere
462 1183 564 1258 viginti
585 1197 673 1241 unum
694 1181 738 1239 vel
751 1181 848 1253 plnres
861 1197 952 1241 anuos
966 1187 1066 1242 natum
1079 1184 1204 1256 primum

88 1284 199 1342 citasse
219 1281 377 1357 colligimus
397 1298 436 1342 ex
457 1299 484 1341 v.
507 1283 547 1343 57
570 1299 648 1355 squ:

211 1371 367 1440 Gemina
389 1397 458 1439 cum
479 1375 621 1461 primm
638 1373 759 1458 popolo
778 1373 932 1439 iuvenilia
952 1373 1024 1460 leqi,

258 1473 359 1538 barba
379 1485 497 1538 resecto
516 1472 594 1538 miti
614 1473 694 1539 bteoe
707 1477 835 1539 semelve
847 1473 961 1558 faciest)

209 1585 347 1638 moverat
365 1574 525 1660 tepescam
546 1585 641 1640 totam
661 1584 790 1639 cantato
808 1595 868 1658 per
888 1573 996 1637 arbem

259 1674 381 1738 emmim
401 1696 463 1739 ooo
484 1696 556 1738 uero
577 1673 663 1739 diota
687 1675 826 1739 θοήππα
846 1673 933 1737 mill.

141 1778 206 1837 Iam
226 1783 294 1837 anta
315 1779 371 1838 hoc
391 1784 515 1853 tempus,
544 1796 610 1839 cum
631 1777 749 1839 Ovidius
776 1778 919 1837 decimum
939 1784 1051 1837 sextum
1078 1775 1141 1837 iere
1160 1779 1206 1838 vel

88 1879 211 1951 ptimum
225 1894 333 1937 annum
344 1883 455 1951 ageret,
477 1878 587 1952 scripta
600 1883 675 1946 eunt,
700 1877 755 1935 nisi
770 1879 886 1951 egregie
899 1878 996 1951 iallor,
1018 1894 1054 1938 ca
1064 1879 1204 1952 carmina,

87 1979 161 2038 ribus
184 1977 302 2036 Neaera
328 1976 503 2044 celebratur,
531 1983 563 2036 et
583 1976 715 2051 pluribus
744 1979 828 2037 annis
852 1982 1005 2049 postquam
1032 1985 1120 2051 poeta
1140 1995 1204 2038 oar·
1266 2040 1269 2045 ,

86 2078 184 2137 inibns
211 2078 271 2136 iam
299 2077 429 2136 recitatis
452 2077 548 2136 clarus
567 2072 662 2136 factus
682 2081 735 2147 est,
765 2076 888 2149 epistola
916 2076 1017 2148 quinta
1036 2077 1105 2136 libri
1126 2079 1206 2138 tertii

87 2179 92 2237 Ι
114 2178 226 2237 amicos
248 2177 359 2236 videtur
380 2175 451 2236 data
470 2190 544 2236 esse.
588 2176 715 2248 Quocum
739 2181 900 2248 temporum
922 2176 1022 2237 ordine
1044 2177 1117 2238 bene
1137 2194 1206 2238 oon-

87 2279 145 2348 uit,
178 2274 257 2348 quod
284 2293 377 2349 neque
407 2292 444 2335 ex
472 2275 593 2350 Vergilii
615 2276 747 2337 Aeneide
777 2294 871 2349 neque
896 2293 931 2336 ex
952 2275 1097 2349 Propertii
1125 2277 1206 2338 librie

87 2375 269 2436 interioribus
291 2391 384 2449 neque
406 2392 442 2434 ex
456 2373 580 2434 Horatio
602 2392 695 2448 neque
717 2391 753 2435 ex
767 2375 875 2435 Tibulli
896 2375 970 2435 libro
985 2377 1110 2436 secundo
1124 2380 1206 2452 quid·

87 2493 145 2535 ram
167 2475 330 2534 imitatione
352 2475 529 2548 expressisse
543 2473 743 2549 ,Lygdamum‘
766 2489 855 2546 snpra
876 2474 1140 2535 demonstravimus.

141 2574 249 2634 Utrum
279 2591 312 2633 re
343 2591 413 2634 vera
445 2578 532 2647 poeta
561 2573 704 2633 Neaeram
743 2575 884 2633 amaverit
912 2591 1003 2635 necne
1030 2575 1135 2636 futtihs
1161 2583 1206 2636 est

86 2675 200 2741 aestio,
223 2689 288 2732 cum
309 2675 381 2733 nihil
403 2674 475 2733 certi
497 2673 532 2733 de
553 2673 609 2732 bac
629 2689 662 2732 re
683 2672 823 2732 traditum
845 2673 1003 2733 habeamus
1024 2691 1079 2734 nec
1099 2677 1205 2749 proha·
1284 2670 1289 2677 ’

89 2775 119 2832 le
141 2787 205 2831 csse
219 2771 351 2831 videatur
371 2771 423 2831 sub
437 2772 492 2831 hoo
513 2773 630 2831 nomine
642 2770 799 2832 Corinnam
821 2773 924 2850 latere,
939 2776 1067 2847 quamvis
1081 2776 1204 2838 alterum

86 2887 165 2930 ›men
182 2868 332 2944 (υ-υ)
355 2887 410 2943 pro
425 2871 517 2929 altero
531 2870 609 2931 facili
623 2873 739 2945 negotio
754 2873 888 2932 substitui
902 2875 1008 2949 possit3
1030 2878 1080 2935 sed
1093 2882 1126 2937 ut
1144 2881 1207 2937 veri

86 2969 171 3043 iquid
202 2971 232 3028 in
261 2974 432 3043 argumento
462 2969 619 3044 elegiarum
647 2971 726 3042 insit,
758 2976 857 3030 tamen
887 2972 989 3032 eodem
1022 2976 1116 3051 modo,
1148 2993 1206 3049 quo

87 3084 168 3142 agua
189 3084 259 3141 pars
282 3068 452 3141 Heroidnm,
482 3069 606 3143 speciem
633 3070 761 3129 tirocinii
791 3071 1045 3145 suasoriarumque
1074 3090 1145 3146 prae
1159 3060 1163 3067 ’
1176 3090 1207 3133 ee

87 3173 169 3239 runt,
186 3166 287 3238 quibus
300 3167 431 3227 Ovidium
446 3169 569 3228 maxime
584 3168 760 3229 delectatum
774 3185 839 3229 esse
854 3171 938 3231 docet
952 3171 1062 3232 Seneca
1075 3177 1205 3234 controv.

86 3268 97 3340 ζ,
121 3268 138 3323 2
163 3262 238 3338 (10),
264 3269 318 3325 12:
340 3265 531 3333 ‚declamabat
552 3273 650 3327 antem
671 3268 750 3330 Naso
770 3285 839 3329 raro
862 3273 1075 3333 controversias
1098 3280 1127 3332 et
1147 3289 1206 3337 non

86 3367 117 3425 'ei
138 3364 262 3435 ethicam
285 3363 423 3425 libentius
443 3366 559 3426 dicebat
580 3368 745 3428 suasoriae‘.
790 3369 881 3441 Quam
904 3373 1077 3432 sententiam
1098 3375 1207 3445 optimo

85 3480 123 3522 re
152 3464 293 3535 expressit
315 3463 430 3523 Herder
451 3475 558 3539 noster,
591 3482 656 3526 cum
674 3467 748 3529 haec
769 3471 926 3531 scriberet:
971 3472 1037 3544 ,Die
1058 3471 1206 3532 Heroiden

86 3562 150 3622 vide
173 3561 238 3621 sind
258 3561 421 3638 Uebnngen
448 3563 555 3625 aheneo
584 3566 637 3626 nie
663 3566 716 3626 das
737 3568 827 3630 dritta
848 3569 931 3631 Bnch
951 3572 1003 3632 des
1025 3571 1121 3632 Tibull
1140 3574 1206 3633 eine

88 3658 187 3734 ehuug
208 3660 265 3719 ist‘
308 3661 414 3722 Nescio
437 3680 475 3723 an
495 3666 596 3725 eodem
616 3666 770 3728 referenda
790 3671 858 3743 sint,
888 3685 961 3744 quae
980 3670 1155 3745 Bernhardy
1175 3674 1206 3731 in

85 3762 164 3820 istor.
186 3761 276 3820 litter.
292 3760 377 3821 Rom.
399 3763 435 3823 de
455 3763 522 3823 libri
536 3767 617 3825 tertii
636 3767 733 3826 colore
751 3768 897 3828 rhetorico
917 3770 1064 3831 aTibullo
1086 3786 1205 3843 prorsus

85 3860 156 3918 ieno
188 3861 297 3931 optime
329 3860 417 3921 dixit:
461 3863 533 3935 ‚Der
553 3865 703 3926 Veriasser
720 3867 839 3934 ¹besitzt
860 3870 968 3930 weiohe
990 3872 1116 3932 Formen
1144 3871 1205 3931 und

133 4064 153 4132 1)
171 4067 292 4119 Primum
310 4069 383 4136 apud
401 4071 534 4125 Romanos
552 4073 637 4125 barba
653 4078 769 4128 resecari
787 4078 893 4130 solebat
914 4080 971 4131 fere
989 4096 1059 4132 anno
1077 4082 1206 4135 vicesimo

85 4151 146 4204 rimo
165 4152 210 4203 vel
228 4153 310 4206 altero
328 4153 372 4223 (ci.
392 4157 521 4212 Heinrich
540 4159 574 4211 ad
591 4160 650 4213 Iuv.
669 4163 741 4228 riv,
761 4165 830 4229 216).
