<?xml version="1.0" encoding="UTF-8"?>
<!DOCTYPE html PUBLIC "-//W3C//DTD XHTML 1.0 Transitional//EN"
    "http://www.w3.org/TR/xhtml1/DTD/xhtml1-transitional.dtd">
<html xmlns="http://www.w3.org/1999/xhtml" xml:lang="en" lang="en">
 <head>
  <title>
</title>
<meta http-equiv="Content-Type" content="text/html;charset=utf-8" />
  <meta name='ocr-system' content='tesseract 3.04.00' />
  <meta name='ocr-capabilities' content='ocr_page ocr_carea ocr_par ocr_line ocrx_word'/>
</head>
<body>
  <div class='ocr_page' id='page_1' title='image "./delibritertiica01kleegoog_0029.png"; bbox 0 0 2656 4716; ppageno 0'>
   <div class='ocr_carea' id='block_1_1' title="bbox 315 389 1325 576">
    <p class='ocr_par' dir='ltr' id='par_1_1' title="bbox 315 389 1325 576">
     <span class='ocr_line' id='line_1_1' title="bbox 315 389 1325 478; baseline 0 -23"><span class='ocrx_word' id='word_1_1' title='bbox 315 389 464 478; x_wconf 82' lang='lat' dir='ltr'><strong>Oarminc</strong></span> <span class='ocrx_word' id='word_1_2' title='bbox 478 390 651 475; x_wconf 78' lang='lat' dir='ltr'><em>formosae,</em></span> <span class='ocrx_word' id='word_1_3' title='bbox 669 393 771 476; x_wconf 80' lang='lat' dir='ltr'><strong>pretio</strong></span> <span class='ocrx_word' id='word_1_4' title='bbox 794 393 964 476; x_wconf 76' lang='lat' dir='ltr'><strong>captantur</strong></span> <span class='ocrx_word' id='word_1_5' title='bbox 985 415 1124 456; x_wconf 81' lang='lat' dir='ltr'><strong>avarae:</strong></span> <span class='ocrx_word' id='word_1_6' title='bbox 1211 445 1213 449; x_wconf 62' lang='grc'>,</span> <span class='ocrx_word' id='word_1_7' title='bbox 1321 397 1325 405; x_wconf 87' lang='grc'><strong>’</strong></span> 
     </span>
     <span class='ocr_line' id='line_1_2' title="bbox 357 489 1101 576; baseline 0.001 -22"><span class='ocrx_word' id='word_1_8' title='bbox 357 489 514 570; x_wconf 69' lang='lat' dir='ltr'><strong>Gaudeat,</strong></span> <span class='ocrx_word' id='word_1_9' title='bbox 536 503 570 555; x_wconf 81' lang='lat' dir='ltr'><strong>act</strong></span> <span class='ocrx_word' id='word_1_10' title='bbox 591 490 728 576; x_wconf 73' lang='lat' dir='ltr'><strong>dignust,</strong></span> <span class='ocrx_word' id='word_1_11' title='bbox 751 491 892 555; x_wconf 71' lang='lat' dir='ltr'><strong>caribus</strong></span> <span class='ocrx_word' id='word_1_12' title='bbox 912 491 975 555; x_wconf 74' lang='lat' dir='ltr'><strong>itta</strong></span> <span class='ocrx_word' id='word_1_13' title='bbox 995 493 1101 570; x_wconf 77' lang='lat' dir='ltr'><strong>meiol,</strong></span> 
     </span>
    </p>
   </div>
   <div class='ocr_carea' id='block_1_2' title="bbox 95 611 1325 2701">
    <p class='ocr_par' dir='ltr' id='par_1_2' title="bbox 165 611 1325 707">
     <span class='ocr_line' id='line_1_3' title="bbox 165 611 1325 707; baseline 0.004 -21"><span class='ocrx_word' id='word_1_14' title='bbox 165 642 227 686; x_wconf 90' lang='lat' dir='ltr'><strong>cum</strong></span> <span class='ocrx_word' id='word_1_15' title='bbox 250 629 277 686; x_wconf 92' lang='lat' dir='ltr'><strong>ei</strong></span> <span class='ocrx_word' id='word_1_16' title='bbox 297 628 427 688; x_wconf 90' lang='lat' dir='ltr'><strong>libellum</strong></span> <span class='ocrx_word' id='word_1_17' title='bbox 449 627 623 707; x_wconf 80' lang='lat' dir='ltr'>carminibus</span> <span class='ocrx_word' id='word_1_18' title='bbox 643 629 702 688; x_wconf 88' lang='lat' dir='ltr'><strong>suis</strong></span> <span class='ocrx_word' id='word_1_19' title='bbox 721 611 862 688; x_wconf 81' lang='lat' dir='ltr'><strong>refertum</strong></span> <span class='ocrx_word' id='word_1_20' title='bbox 884 627 967 688; x_wconf 82' lang='lat' dir='ltr'><strong>festis</strong></span> <span class='ocrx_word' id='word_1_21' title='bbox 989 628 1122 689; x_wconf 86' lang='lat' dir='ltr'><strong>kalendis</strong></span> <span class='ocrx_word' id='word_1_22' title='bbox 1144 630 1240 690; x_wconf 89' lang='lat' dir='ltr'><strong>donet.</strong></span> <span class='ocrx_word' id='word_1_23' title='bbox 1311 614 1325 636; x_wconf 29' lang='grc' dir='ltr'><strong>’ἰ</strong></span> 
     </span>
    </p>

    <p class='ocr_par' dir='ltr' id='par_1_3' title="bbox 132 714 1325 1597">
     <span class='ocr_line' id='line_1_4' title="bbox 247 714 1325 801; baseline 0.004 -15"><span class='ocrx_word' id='word_1_24' title='bbox 247 725 304 786; x_wconf 84' lang='lat' dir='ltr'><strong>Sed</strong></span> <span class='ocrx_word' id='word_1_25' title='bbox 324 726 371 787; x_wconf 89' lang='lat' dir='ltr'><strong>fac</strong></span> <span class='ocrx_word' id='word_1_26' title='bbox 392 726 526 787; x_wconf 80' lang='lat' dir='ltr'><strong>Fussium</strong></span> <span class='ocrx_word' id='word_1_27' title='bbox 546 714 657 788; x_wconf 82' lang='lat' dir='ltr'><strong>rectam</strong></span> <span class='ocrx_word' id='word_1_28' title='bbox 679 728 754 788; x_wconf 84' lang='lat' dir='ltr'><strong>viam</strong></span> <span class='ocrx_word' id='word_1_29' title='bbox 775 727 936 801; x_wconf 89' lang='lat' dir='ltr'><strong>ingressum</strong></span> <span class='ocrx_word' id='word_1_30' title='bbox 958 727 1171 789; x_wconf 82' lang='lat' dir='ltr'><strong>demonstrasse</strong></span> <span class='ocrx_word' id='word_1_31' title='bbox 1197 727 1259 790; x_wconf 88' lang='lat' dir='ltr'><strong>Deli</strong></span> <span class='ocrx_word' id='word_1_32' title='bbox 1318 764 1325 801; x_wconf 66' lang='lat'><em>5</em></span> 
     </span>
     <span class='ocr_line' id='line_1_5' title="bbox 164 825 1268 905; baseline 0.004 -19"><span class='ocrx_word' id='word_1_33' title='bbox 164 825 284 887; x_wconf 89' lang='lat' dir='ltr'><strong>eandem</strong></span> <span class='ocrx_word' id='word_1_34' title='bbox 312 841 373 886; x_wconf 88' lang='lat' dir='ltr'><strong>esse</strong></span> <span class='ocrx_word' id='word_1_35' title='bbox 400 842 435 886; x_wconf 89' lang='lat' dir='ltr'><strong>ac</strong></span> <span class='ocrx_word' id='word_1_36' title='bbox 455 827 616 905; x_wconf 72' lang='lat' dir='ltr'><strong>Neaeram,</strong></span> <span class='ocrx_word' id='word_1_37' title='bbox 641 826 715 899; x_wconf 91' lang='lat' dir='ltr'><strong>quod</strong></span> <span class='ocrx_word' id='word_1_38' title='bbox 738 825 929 886; x_wconf 86' lang='lat' dir='ltr'><strong>demonstrari</strong></span> <span class='ocrx_word' id='word_1_39' title='bbox 960 828 1077 900; x_wconf 87' lang='lat' dir='ltr'><strong>nequit,</strong></span> <span class='ocrx_word' id='word_1_40' title='bbox 1111 845 1168 900; x_wconf 89' lang='lat' dir='ltr'><strong>qua</strong></span> <span class='ocrx_word' id='word_1_41' title='bbox 1196 831 1268 891; x_wconf 89' lang='lat' dir='ltr'><strong>ratio</strong></span> 
     </span>
     <span class='ocr_line' id='line_1_6' title="bbox 163 909 1284 1003; baseline 0.001 -17"><span class='ocrx_word' id='word_1_42' title='bbox 163 942 251 1001; x_wconf 91' lang='lat' dir='ltr'><strong>porro</strong></span> <span class='ocrx_word' id='word_1_43' title='bbox 268 909 391 999; x_wconf 82' lang='lat' dir='ltr'><strong>probari</strong></span> <span class='ocrx_word' id='word_1_44' title='bbox 411 929 517 1003; x_wconf 86' lang='lat' dir='ltr'><strong>potest,</strong></span> <span class='ocrx_word' id='word_1_45' title='bbox 534 928 661 987; x_wconf 88' lang='lat' dir='ltr'><strong>carmina</strong></span> <span class='ocrx_word' id='word_1_46' title='bbox 681 925 748 985; x_wconf 88' lang='lat' dir='ltr'><strong>libri</strong></span> <span class='ocrx_word' id='word_1_47' title='bbox 768 927 849 986; x_wconf 87' lang='lat' dir='ltr'><strong>tertii</strong></span> <span class='ocrx_word' id='word_1_48' title='bbox 870 925 1034 1001; x_wconf 89' lang='lat' dir='ltr'><strong>elegiasque</strong></span> <span class='ocrx_word' id='word_1_49' title='bbox 1055 926 1122 993; x_wconf 86' lang='lat' dir='ltr'><strong>libri</strong></span> <span class='ocrx_word' id='word_1_50' title='bbox 1144 929 1232 1001; x_wconf 89' lang='lat' dir='ltr'><strong>primi</strong></span> <span class='ocrx_word' id='word_1_51' title='bbox 1250 912 1284 987; x_wconf 85' lang='lat' dir='ltr'><strong>n¹</strong></span> 
     </span>
     <span class='ocr_line' id='line_1_7' title="bbox 163 1024 1286 1100; baseline 0.004 -16"><span class='ocrx_word' id='word_1_52' title='bbox 163 1041 220 1084; x_wconf 91' lang='lat' dir='ltr'><strong>nno</strong></span> <span class='ocrx_word' id='word_1_53' title='bbox 250 1031 280 1084; x_wconf 91' lang='lat' dir='ltr'><strong>et</strong></span> <span class='ocrx_word' id='word_1_54' title='bbox 307 1025 408 1085; x_wconf 90' lang='lat' dir='ltr'><strong>eodem</strong></span> <span class='ocrx_word' id='word_1_55' title='bbox 436 1031 567 1100; x_wconf 89' lang='lat' dir='ltr'><strong>tempore</strong></span> <span class='ocrx_word' id='word_1_56' title='bbox 596 1026 681 1086; x_wconf 89' lang='lat' dir='ltr'><strong>simul</strong></span> <span class='ocrx_word' id='word_1_57' title='bbox 713 1041 776 1086; x_wconf 88' lang='lat' dir='ltr'><strong>esse</strong></span> <span class='ocrx_word' id='word_1_58' title='bbox 809 1024 909 1085; x_wconf 82' lang='lat' dir='ltr'><strong>edita?</strong></span> <span class='ocrx_word' id='word_1_59' title='bbox 939 1026 1032 1099; x_wconf 73' lang='lat' dir='ltr'><strong>quae</strong></span> <span class='ocrx_word' id='word_1_60' title='bbox 1059 1026 1113 1087; x_wconf 92' lang='lat' dir='ltr'><strong>hac</strong></span> <span class='ocrx_word' id='word_1_61' title='bbox 1144 1028 1180 1088; x_wconf 90' lang='lat' dir='ltr'><strong>de</strong></span> <span class='ocrx_word' id='word_1_62' title='bbox 1208 1045 1240 1088; x_wconf 91' lang='lat' dir='ltr'><strong>re</strong></span> <span class='ocrx_word' id='word_1_63' title='bbox 1280 1030 1286 1044; x_wconf 93' lang='lat'>&#39;</span> 
     </span>
     <span class='ocr_line' id='line_1_8' title="bbox 132 1122 1253 1198; baseline 0.003 -13"><span class='ocrx_word' id='word_1_64' title='bbox 132 1126 136 1132; x_wconf 83' lang='grc'><strong>’</strong></span> <span class='ocrx_word' id='word_1_65' title='bbox 164 1126 265 1185; x_wconf 90' lang='lat' dir='ltr'><strong>doctus</strong></span> <span class='ocrx_word' id='word_1_66' title='bbox 285 1125 421 1198; x_wconf 73' lang='lat' dir='ltr'><strong>disputat,</strong></span> <span class='ocrx_word' id='word_1_67' title='bbox 444 1141 481 1184; x_wconf 92' lang='lat' dir='ltr'><strong>ne</strong></span> <span class='ocrx_word' id='word_1_68' title='bbox 505 1126 651 1184; x_wconf 84' lang='lat' dir='ltr'><strong>minimam</strong></span> <span class='ocrx_word' id='word_1_69' title='bbox 680 1125 795 1198; x_wconf 89' lang='lat' dir='ltr'><strong>quidem</strong></span> <span class='ocrx_word' id='word_1_70' title='bbox 815 1122 1052 1197; x_wconf 81' lang='lat' dir='ltr'><strong>probabilitatem</strong></span> <span class='ocrx_word' id='word_1_71' title='bbox 1080 1124 1191 1193; x_wconf 87' lang='lat' dir='ltr'><strong>habent</strong></span> <span class='ocrx_word' id='word_1_72' title='bbox 1219 1145 1253 1188; x_wconf 90' lang='lat' dir='ltr'><strong>ne</strong></span> 
     </span>
     <span class='ocr_line' id='line_1_9' title="bbox 162 1223 1298 1299; baseline 0.004 -16"><span class='ocrx_word' id='word_1_73' title='bbox 162 1226 258 1283; x_wconf 83' lang='lat' dir='ltr'><strong>verius</strong></span> <span class='ocrx_word' id='word_1_74' title='bbox 280 1232 331 1295; x_wconf 89' lang='lat' dir='ltr'><strong>est,</strong></span> <span class='ocrx_word' id='word_1_75' title='bbox 353 1223 431 1298; x_wconf 93' lang='lat' dir='ltr'><strong>quod</strong></span> <span class='ocrx_word' id='word_1_76' title='bbox 451 1226 481 1283; x_wconf 92' lang='lat' dir='ltr'><strong>in</strong></span> <span class='ocrx_word' id='word_1_77' title='bbox 503 1241 531 1297; x_wconf 88' lang='lat' dir='ltr'><strong>p.</strong></span> <span class='ocrx_word' id='word_1_78' title='bbox 554 1225 593 1282; x_wconf 85' lang='lat'><strong>53</strong></span> <span class='ocrx_word' id='word_1_79' title='bbox 615 1224 704 1285; x_wconf 91' lang='lat' dir='ltr'><strong>libelli</strong></span> <span class='ocrx_word' id='word_1_80' title='bbox 726 1224 840 1284; x_wconf 81' lang='lat' dir='ltr'><strong>scribit:</strong></span> <span class='ocrx_word' id='word_1_81' title='bbox 884 1223 1041 1299; x_wconf 88' lang='lat' dir='ltr'><strong>,Summam</strong></span> <span class='ocrx_word' id='word_1_82' title='bbox 1069 1223 1239 1288; x_wconf 84' lang='lat' dir='ltr'><strong>felicitatem</strong></span> <span class='ocrx_word' id='word_1_83' title='bbox 1259 1228 1298 1287; x_wconf 80' lang='lat' dir='ltr'><strong>Ti·</strong></span> 
     </span>
     <span class='ocr_line' id='line_1_10' title="bbox 165 1321 1300 1398; baseline 0.005 -18"><span class='ocrx_word' id='word_1_84' title='bbox 165 1321 269 1396; x_wconf 89' lang='lat' dir='ltr'><strong>bullus,</strong></span> <span class='ocrx_word' id='word_1_85' title='bbox 292 1324 359 1383; x_wconf 91' lang='lat' dir='ltr'><strong>dum</strong></span> <span class='ocrx_word' id='word_1_86' title='bbox 380 1323 488 1384; x_wconf 85' lang='lat' dir='ltr'><strong>Plania</strong></span> <span class='ocrx_word' id='word_1_87' title='bbox 504 1326 627 1398; x_wconf 91' lang='lat' dir='ltr'><strong>innupta</strong></span> <span class='ocrx_word' id='word_1_88' title='bbox 648 1328 721 1398; x_wconf 86' lang='lat' dir='ltr'><strong>erat,</strong></span> <span class='ocrx_word' id='word_1_89' title='bbox 737 1327 768 1384; x_wconf 92' lang='lat' dir='ltr'><strong>in</strong></span> <span class='ocrx_word' id='word_1_90' title='bbox 782 1326 842 1383; x_wconf 88' lang='lat' dir='ltr'><strong>vita</strong></span> <span class='ocrx_word' id='word_1_91' title='bbox 862 1325 982 1384; x_wconf 89' lang='lat' dir='ltr'><strong>iucunde</strong></span> <span class='ocrx_word' id='word_1_92' title='bbox 1003 1339 1068 1383; x_wconf 86' lang='lat' dir='ltr'><strong>com</strong></span> <span class='ocrx_word' id='word_1_93' title='bbox 1089 1342 1124 1384; x_wconf 87' lang='lat' dir='ltr'><strong>ea</strong></span> <span class='ocrx_word' id='word_1_94' title='bbox 1146 1328 1210 1385; x_wconf 90' lang='lat' dir='ltr'><strong>ruri</strong></span> <span class='ocrx_word' id='word_1_95' title='bbox 1230 1330 1300 1386; x_wconf 84' lang='lat' dir='ltr'><strong>tran</strong></span> 
     </span>
     <span class='ocr_line' id='line_1_11' title="bbox 163 1423 1301 1499; baseline 0.001 -15"><span class='ocrx_word' id='word_1_96' title='bbox 163 1423 283 1499; x_wconf 85' lang='lat' dir='ltr'><strong>sigenda</strong></span> <span class='ocrx_word' id='word_1_97' title='bbox 303 1424 441 1496; x_wconf 87' lang='lat' dir='ltr'><strong>ponebat‘</strong></span> <span class='ocrx_word' id='word_1_98' title='bbox 461 1425 613 1499; x_wconf 81' lang='lat' dir='ltr'><strong>pergitque</strong></span> <span class='ocrx_word' id='word_1_99' title='bbox 635 1423 698 1496; x_wconf 84' lang='lat' dir='ltr'><strong>,sed</strong></span> <span class='ocrx_word' id='word_1_100' title='bbox 720 1423 862 1496; x_wconf 87' lang='lat' dir='ltr'><strong>quomodo</strong></span> <span class='ocrx_word' id='word_1_101' title='bbox 882 1424 1013 1484; x_wconf 88' lang='lat' dir='ltr'><strong>Planiam</strong></span> <span class='ocrx_word' id='word_1_102' title='bbox 1027 1424 1077 1483; x_wconf 91' lang='lat' dir='ltr'><strong>alii</strong></span> <span class='ocrx_word' id='word_1_103' title='bbox 1089 1427 1152 1484; x_wconf 88' lang='lat' dir='ltr'><strong>viro</strong></span> <span class='ocrx_word' id='word_1_104' title='bbox 1167 1425 1301 1486; x_wconf 77' lang='lat' dir='ltr'><strong>addictam</strong></span> 
     </span>
     <span class='ocr_line' id='line_1_12' title="bbox 163 1518 1168 1597; baseline 0.001 -16"><span class='ocrx_word' id='word_1_105' title='bbox 163 1524 209 1582; x_wconf 89' lang='lat' dir='ltr'><strong>vel</strong></span> <span class='ocrx_word' id='word_1_106' title='bbox 230 1518 350 1597; x_wconf 87' lang='lat' dir='ltr'><strong>nuptam</strong></span> <span class='ocrx_word' id='word_1_107' title='bbox 371 1522 409 1583; x_wconf 90' lang='lat' dir='ltr'><strong>ad</strong></span> <span class='ocrx_word' id='word_1_108' title='bbox 429 1524 505 1584; x_wconf 85' lang='lat' dir='ltr'><strong>vitae</strong></span> <span class='ocrx_word' id='word_1_109' title='bbox 525 1525 652 1588; x_wconf 79' lang='lat' dir='ltr'><strong>rusticae</strong></span> <span class='ocrx_word' id='word_1_110' title='bbox 673 1524 841 1583; x_wconf 89' lang='lat' dir='ltr'><strong>societatem</strong></span> <span class='ocrx_word' id='word_1_111' title='bbox 862 1524 987 1582; x_wconf 89' lang='lat' dir='ltr'><strong>invitare</strong></span> <span class='ocrx_word' id='word_1_112' title='bbox 1008 1523 1168 1597; x_wconf 76' lang='lat' dir='ltr'><strong>potneritl‘</strong></span> 
     </span>
    </p>

    <p class='ocr_par' dir='ltr' id='par_1_4' title="bbox 95 1621 1314 2701">
     <span class='ocr_line' id='line_1_13' title="bbox 248 1621 1304 1696; baseline 0.004 -16"><span class='ocrx_word' id='word_1_113' title='bbox 248 1622 331 1680; x_wconf 91' lang='lat' dir='ltr'><strong>Hanc</strong></span> <span class='ocrx_word' id='word_1_114' title='bbox 358 1623 553 1682; x_wconf 91' lang='lat' dir='ltr'><strong>coniecturam</strong></span> <span class='ocrx_word' id='word_1_115' title='bbox 582 1622 690 1682; x_wconf 83' lang='lat' dir='ltr'><strong>refutat</strong></span> <span class='ocrx_word' id='word_1_116' title='bbox 721 1623 814 1695; x_wconf 84' lang='lat' dir='ltr'><strong>elegia</strong></span> <span class='ocrx_word' id='word_1_117' title='bbox 841 1621 968 1682; x_wconf 88' lang='lat' dir='ltr'><strong>secunda</strong></span> <span class='ocrx_word' id='word_1_118' title='bbox 995 1621 1065 1680; x_wconf 91' lang='lat' dir='ltr'><strong>libri</strong></span> <span class='ocrx_word' id='word_1_119' title='bbox 1085 1625 1171 1696; x_wconf 88' lang='lat' dir='ltr'><strong>primi</strong></span> <span class='ocrx_word' id='word_1_120' title='bbox 1194 1631 1304 1684; x_wconf 87' lang='lat' dir='ltr'><strong>auctore</strong></span> 
     </span>
     <span class='ocr_line' id='line_1_14' title="bbox 164 1721 1312 1804; baseline 0.001 -23"><span class='ocrx_word' id='word_1_121' title='bbox 164 1723 271 1782; x_wconf 84' lang='lat' dir='ltr'><strong>Fussio</strong></span> <span class='ocrx_word' id='word_1_122' title='bbox 299 1726 366 1794; x_wconf 87' lang='lat' dir='ltr'><strong>post</strong></span> <span class='ocrx_word' id='word_1_123' title='bbox 393 1721 462 1780; x_wconf 88' lang='lat' dir='ltr'><strong>libri</strong></span> <span class='ocrx_word' id='word_1_124' title='bbox 489 1723 569 1781; x_wconf 89' lang='lat' dir='ltr'><strong>tertii</strong></span> <span class='ocrx_word' id='word_1_125' title='bbox 599 1722 728 1782; x_wconf 91' lang='lat' dir='ltr'><strong>carmina</strong></span> <span class='ocrx_word' id='word_1_126' title='bbox 754 1723 872 1795; x_wconf 88' lang='lat' dir='ltr'><strong>scripta,</strong></span> <span class='ocrx_word' id='word_1_127' title='bbox 900 1722 929 1780; x_wconf 92' lang='lat' dir='ltr'><strong>in</strong></span> <span class='ocrx_word' id='word_1_128' title='bbox 959 1738 1016 1794; x_wconf 90' lang='lat' dir='ltr'><strong>qua</strong></span> <span class='ocrx_word' id='word_1_129' title='bbox 1037 1722 1138 1804; x_wconf 86' lang='lat' dir='ltr'><strong>vividis</strong></span> <span class='ocrx_word' id='word_1_130' title='bbox 1166 1722 1312 1784; x_wconf 85' lang='lat' dir='ltr'><strong>coloribus¹</strong></span> 
     </span>
     <span class='ocr_line' id='line_1_15' title="bbox 164 1820 1311 1899; baseline 0.003 -20"><span class='ocrx_word' id='word_1_131' title='bbox 164 1838 327 1898; x_wconf 86' lang='lat' dir='ltr'><strong>magnoque</strong></span> <span class='ocrx_word' id='word_1_132' title='bbox 348 1838 447 1880; x_wconf 91' lang='lat' dir='ltr'><strong>amore</strong></span> <span class='ocrx_word' id='word_1_133' title='bbox 468 1838 515 1882; x_wconf 87' lang='lat' dir='ltr'><strong>res</strong></span> <span class='ocrx_word' id='word_1_134' title='bbox 536 1823 662 1899; x_wconf 80' lang='lat' dir='ltr'><strong>rusticae</strong></span> <span class='ocrx_word' id='word_1_135' title='bbox 676 1822 793 1893; x_wconf 80' lang='lat' dir='ltr'><strong>vitaque</strong></span> <span class='ocrx_word' id='word_1_136' title='bbox 814 1822 876 1879; x_wconf 89' lang='lat' dir='ltr'><strong>ruri</strong></span> <span class='ocrx_word' id='word_1_137' title='bbox 898 1822 1087 1893; x_wconf 86' lang='lat' dir='ltr'><strong>transigenda</strong></span> <span class='ocrx_word' id='word_1_138' title='bbox 1102 1820 1311 1882; x_wconf 85' lang='lat' dir='ltr'><strong>describuntur.¹</strong></span> 
     </span>
     <span class='ocr_line' id='line_1_16' title="bbox 164 1920 1308 1996; baseline -0.001 -14"><span class='ocrx_word' id='word_1_139' title='bbox 164 1920 331 1996; x_wconf 77' lang='lat' dir='ltr'><strong>Lygdamus</strong></span> <span class='ocrx_word' id='word_1_140' title='bbox 351 1938 415 1982; x_wconf 89' lang='lat' dir='ltr'><strong>oum</strong></span> <span class='ocrx_word' id='word_1_141' title='bbox 438 1923 515 1982; x_wconf 91' lang='lat' dir='ltr'><strong>dicat</strong></span> <span class='ocrx_word' id='word_1_142' title='bbox 539 1938 569 1981; x_wconf 88' lang='lat' dir='ltr'><strong>se</strong></span> <span class='ocrx_word' id='word_1_143' title='bbox 591 1938 649 1982; x_wconf 91' lang='lat' dir='ltr'><strong>non</strong></span> <span class='ocrx_word' id='word_1_144' title='bbox 672 1926 775 1994; x_wconf 90' lang='lat' dir='ltr'><strong>optare</strong></span> <span class='ocrx_word' id='word_1_145' title='bbox 796 1920 909 1979; x_wconf 80' lang='lat' dir='ltr'><strong>divitias</strong></span> <span class='ocrx_word' id='word_1_146' title='bbox 931 1937 1056 1995; x_wconf 87' lang='lat' dir='ltr'><strong>opesque</strong></span> <span class='ocrx_word' id='word_1_147' title='bbox 1075 1926 1161 1995; x_wconf 87' lang='lat' dir='ltr'><strong>atque</strong></span> <span class='ocrx_word' id='word_1_148' title='bbox 1183 1939 1308 1996; x_wconf 90' lang='lat' dir='ltr'><strong>pauper·</strong></span> 
     </span>
     <span class='ocr_line' id='line_1_17' title="bbox 163 2020 1283 2095; baseline 0.001 -17"><span class='ocrx_word' id='word_1_149' title='bbox 163 2025 256 2080; x_wconf 87' lang='lat' dir='ltr'><strong>tatem</strong></span> <span class='ocrx_word' id='word_1_150' title='bbox 278 2021 334 2079; x_wconf 91' lang='lat' dir='ltr'><strong>sibi</strong></span> <span class='ocrx_word' id='word_1_151' title='bbox 352 2027 470 2095; x_wconf 87' lang='lat' dir='ltr'><strong>gratam</strong></span> <span class='ocrx_word' id='word_1_152' title='bbox 491 2035 564 2092; x_wconf 89' lang='lat' dir='ltr'><strong>esse,</strong></span> <span class='ocrx_word' id='word_1_153' title='bbox 584 2025 681 2080; x_wconf 89' lang='lat' dir='ltr'><strong>tamen</strong></span> <span class='ocrx_word' id='word_1_154' title='bbox 703 2036 769 2079; x_wconf 90' lang='lat' dir='ltr'><strong>eum</strong></span> <span class='ocrx_word' id='word_1_155' title='bbox 790 2021 870 2078; x_wconf 85' lang='lat' dir='ltr'><strong>iuvat</strong></span> <span class='ocrx_word' id='word_1_156' title='bbox 890 2021 978 2079; x_wconf 90' lang='lat' dir='ltr'><strong>vitam</strong></span> <span class='ocrx_word' id='word_1_157' title='bbox 999 2021 1159 2092; x_wconf 85' lang='lat' dir='ltr'><strong>lautiorem,</strong></span> <span class='ocrx_word' id='word_1_158' title='bbox 1182 2020 1283 2079; x_wconf 90' lang='lat' dir='ltr'><strong>honor</strong></span> 
     </span>
     <span class='ocr_line' id='line_1_18' title="bbox 164 2116 1286 2203; baseline -0.001 -22"><span class='ocrx_word' id='word_1_159' title='bbox 164 2127 231 2193; x_wconf 87' lang='lat' dir='ltr'><strong>post</strong></span> <span class='ocrx_word' id='word_1_160' title='bbox 260 2126 384 2182; x_wconf 90' lang='lat' dir='ltr'><strong>mortem</strong></span> <span class='ocrx_word' id='word_1_161' title='bbox 411 2120 580 2194; x_wconf 89' lang='lat' dir='ltr'><strong>habendos,</strong></span> <span class='ocrx_word' id='word_1_162' title='bbox 609 2119 713 2178; x_wconf 91' lang='lat' dir='ltr'><strong>librum</strong></span> <span class='ocrx_word' id='word_1_163' title='bbox 741 2134 826 2192; x_wconf 90' lang='lat' dir='ltr'><strong>quem</strong></span> <span class='ocrx_word' id='word_1_164' title='bbox 852 2116 889 2178; x_wconf 91' lang='lat' dir='ltr'><strong>ad</strong></span> <span class='ocrx_word' id='word_1_165' title='bbox 917 2119 1063 2179; x_wconf 84' lang='lat' dir='ltr'><strong>Neaeram</strong></span> <span class='ocrx_word' id='word_1_166' title='bbox 1082 2121 1181 2203; x_wconf 70' lang='lat' dir='ltr'><strong>mittit,¹</strong></span> <span class='ocrx_word' id='word_1_167' title='bbox 1201 2125 1286 2180; x_wconf 83' lang='lat' dir='ltr'><strong>veste</strong></span> 
     </span>
     <span class='ocr_line' id='line_1_19' title="bbox 163 2205 1309 2294; baseline 0 -15"><span class='ocrx_word' id='word_1_168' title='bbox 163 2219 316 2294; x_wconf 82' lang='lat' dir='ltr'><strong>Apollinis,</strong></span> <span class='ocrx_word' id='word_1_169' title='bbox 340 2220 397 2280; x_wconf 89' lang='lat' dir='ltr'><strong>alia</strong></span> <span class='ocrx_word' id='word_1_170' title='bbox 419 2234 503 2293; x_wconf 90' lang='lat' dir='ltr'><strong>quam</strong></span> <span class='ocrx_word' id='word_1_171' title='bbox 524 2205 670 2278; x_wconf 87' lang='lat' dir='ltr'><strong>uberrime</strong></span> <span class='ocrx_word' id='word_1_172' title='bbox 691 2216 866 2290; x_wconf 87' lang='lat' dir='ltr'><strong>describere,</strong></span> <span class='ocrx_word' id='word_1_173' title='bbox 881 2234 956 2291; x_wconf 88' lang='lat' dir='ltr'><strong>quae</strong></span> <span class='ocrx_word' id='word_1_174' title='bbox 976 2221 1072 2280; x_wconf 90' lang='lat' dir='ltr'><strong>omnia</strong></span> <span class='ocrx_word' id='word_1_175' title='bbox 1092 2218 1238 2280; x_wconf 89' lang='lat' dir='ltr'><strong>urbanum</strong></span> <span class='ocrx_word' id='word_1_176' title='bbox 1262 2221 1283 2279; x_wconf 87' lang='lat' dir='ltr'>h</span> <span class='ocrx_word' id='word_1_177' title='bbox 1306 2214 1309 2221; x_wconf 84' lang='lat'>&#39;</span> 
     </span>
     <span class='ocr_line' id='line_1_20' title="bbox 163 2303 1309 2397; baseline -0.001 -17"><span class='ocrx_word' id='word_1_178' title='bbox 163 2322 268 2380; x_wconf 90' lang='lat' dir='ltr'><strong>minem</strong></span> <span class='ocrx_word' id='word_1_179' title='bbox 296 2303 439 2394; x_wconf 81' lang='lat' dir='ltr'><strong>urbisque</strong></span> <span class='ocrx_word' id='word_1_180' title='bbox 458 2320 610 2388; x_wconf 86' lang='lat' dir='ltr'><strong>luxoriam,</strong></span> <span class='ocrx_word' id='word_1_181' title='bbox 634 2334 691 2378; x_wconf 92' lang='lat' dir='ltr'><strong>non</strong></span> <span class='ocrx_word' id='word_1_182' title='bbox 714 2317 926 2391; x_wconf 89' lang='lat' dir='ltr'><strong>simplicitatem</strong></span> <span class='ocrx_word' id='word_1_183' title='bbox 956 2318 1150 2379; x_wconf 87' lang='lat' dir='ltr'><strong>Tibullianam</strong></span> <span class='ocrx_word' id='word_1_184' title='bbox 1177 2320 1309 2397; x_wconf 75' lang='lat' dir='ltr'><strong>videntur</strong></span> 
     </span>
     <span class='ocr_line' id='line_1_21' title="bbox 95 2417 1260 2501; baseline 0 -22"><span class='ocrx_word' id='word_1_185' title='bbox 95 2486 106 2501; x_wconf 32' lang='grc' dir='ltr'><em>Ι</em></span> <span class='ocrx_word' id='word_1_186' title='bbox 163 2419 334 2494; x_wconf 86' lang='lat' dir='ltr'><strong>significare.</strong></span> <span class='ocrx_word' id='word_1_187' title='bbox 379 2418 503 2478; x_wconf 87' lang='lat' dir='ltr'><strong>Omnino</strong></span> <span class='ocrx_word' id='word_1_188' title='bbox 531 2417 606 2477; x_wconf 90' lang='lat' dir='ltr'><strong>liber</strong></span> <span class='ocrx_word' id='word_1_189' title='bbox 635 2419 739 2478; x_wconf 88' lang='lat' dir='ltr'><strong>tertius</strong></span> <span class='ocrx_word' id='word_1_190' title='bbox 765 2432 896 2491; x_wconf 88' lang='lat' dir='ltr'><strong>prorsus·</strong></span> <span class='ocrx_word' id='word_1_191' title='bbox 910 2417 997 2477; x_wconf 89' lang='lat' dir='ltr'><strong>aliam</strong></span> <span class='ocrx_word' id='word_1_192' title='bbox 1017 2419 1143 2478; x_wconf 88' lang='lat' dir='ltr'><strong>indolem</strong></span> <span class='ocrx_word' id='word_1_193' title='bbox 1163 2420 1260 2492; x_wconf 85' lang='lat' dir='ltr'><strong>spirat</strong></span> 
     </span>
     <span class='ocr_line' id='line_1_22' title="bbox 165 2507 1282 2593; baseline 0 -15"><span class='ocrx_word' id='word_1_194' title='bbox 165 2517 275 2580; x_wconf 87' lang='lat' dir='ltr'><strong>Tibulli</strong></span> <span class='ocrx_word' id='word_1_195' title='bbox 296 2507 423 2593; x_wconf 85' lang='lat' dir='ltr'><strong>elegiae:</strong></span> <span class='ocrx_word' id='word_1_196' title='bbox 446 2516 552 2591; x_wconf 89' lang='lat' dir='ltr'><strong>ubique</strong></span> <span class='ocrx_word' id='word_1_197' title='bbox 574 2518 801 2591; x_wconf 87' lang='lat' dir='ltr'><strong>deprehenditur</strong></span> <span class='ocrx_word' id='word_1_198' title='bbox 820 2517 908 2576; x_wconf 91' lang='lat' dir='ltr'><strong>homo</strong></span> <span class='ocrx_word' id='word_1_199' title='bbox 930 2515 1060 2577; x_wconf 89' lang='lat' dir='ltr'><strong>urbanus</strong></span> <span class='ocrx_word' id='word_1_200' title='bbox 1082 2521 1112 2576; x_wconf 92' lang='lat' dir='ltr'><strong>et</strong></span> <span class='ocrx_word' id='word_1_201' title='bbox 1134 2519 1165 2576; x_wconf 92' lang='lat' dir='ltr'><strong>in</strong></span> <span class='ocrx_word' id='word_1_202' title='bbox 1188 2517 1282 2578; x_wconf 82' lang='lat' dir='ltr'><strong>dolica</strong></span> 
     </span>
     <span class='ocr_line' id='line_1_23' title="bbox 161 2616 1314 2701; baseline -0.001 -23"><span class='ocrx_word' id='word_1_203' title='bbox 161 2619 366 2690; x_wconf 84' lang='lat' dir='ltr'><strong>luxuriosaque</strong></span> <span class='ocrx_word' id='word_1_204' title='bbox 386 2616 459 2678; x_wconf 88' lang='lat' dir='ltr'><strong>urbe</strong></span> <span class='ocrx_word' id='word_1_205' title='bbox 483 2619 576 2680; x_wconf 86' lang='lat' dir='ltr'><strong>Roma</strong></span> <span class='ocrx_word' id='word_1_206' title='bbox 598 2616 722 2692; x_wconf 86' lang='lat' dir='ltr'><strong>adultos,</strong></span> <span class='ocrx_word' id='word_1_207' title='bbox 748 2619 795 2691; x_wconf 92' lang='lat' dir='ltr'><strong>qui</strong></span> <span class='ocrx_word' id='word_1_208' title='bbox 818 2632 869 2676; x_wconf 89' lang='lat' dir='ltr'><strong>rus</strong></span> <span class='ocrx_word' id='word_1_209' title='bbox 892 2618 1009 2691; x_wconf 87' lang='lat' dir='ltr'><strong>eiusque</strong></span> <span class='ocrx_word' id='word_1_210' title='bbox 1034 2617 1226 2678; x_wconf 87' lang='lat' dir='ltr'><strong>amoenitates</strong></span> <span class='ocrx_word' id='word_1_211' title='bbox 1255 2633 1314 2701; x_wconf 26' lang='lat' dir='ltr'><strong>non..</strong></span> 
     </span>
    </p>
   </div>
   <div class='ocr_carea' id='block_1_3' title="bbox 35 2704 1306 2791">
    <p class='ocr_par' dir='ltr' id='par_1_5' title="bbox 35 2704 1306 2791">
     <span class='ocr_line' id='line_1_24' title="bbox 35 2704 1306 2791; baseline -0.005 -12"><span class='ocrx_word' id='word_1_212' title='bbox 35 2738 39 2744; x_wconf 66' lang='grc'><strong>’</strong></span> <span class='ocrx_word' id='word_1_213' title='bbox 161 2719 218 2778; x_wconf 87' lang='lat' dir='ltr'><strong>nisi</strong></span> <span class='ocrx_word' id='word_1_214' title='bbox 245 2704 358 2778; x_wconf 87' lang='lat' dir='ltr'><strong>audita&#39;s</strong></span> <span class='ocrx_word' id='word_1_215' title='bbox 385 2718 502 2778; x_wconf 86' lang='lat' dir='ltr'><strong>videtur</strong></span> <span class='ocrx_word' id='word_1_216' title='bbox 529 2716 646 2778; x_wconf 87' lang='lat' dir='ltr'><strong>habore.</strong></span> <span class='ocrx_word' id='word_1_217' title='bbox 689 2715 781 2777; x_wconf 87' lang='lat' dir='ltr'><strong>Poeta</strong></span> <span class='ocrx_word' id='word_1_218' title='bbox 808 2717 896 2791; x_wconf 89' lang='lat' dir='ltr'><strong>igitur</strong></span> <span class='ocrx_word' id='word_1_219' title='bbox 917 2732 982 2787; x_wconf 88' lang='lat' dir='ltr'><strong>cum</strong></span> <span class='ocrx_word' id='word_1_220' title='bbox 1006 2717 1095 2791; x_wconf 91' lang='lat' dir='ltr'><strong>longe</strong></span> <span class='ocrx_word' id='word_1_221' title='bbox 1115 2716 1204 2776; x_wconf 88' lang='lat' dir='ltr'><strong>distet</strong></span> <span class='ocrx_word' id='word_1_222' title='bbox 1225 2734 1245 2777; x_wconf 88' lang='lat' dir='ltr'><strong>a</strong></span> <span class='ocrx_word' id='word_1_223' title='bbox 1264 2716 1306 2775; x_wconf 60' lang='lat' dir='ltr'><strong>Tie</strong></span> 
     </span>
    </p>
   </div>
   <div class='ocr_carea' id='block_1_4' title="bbox 160 2808 1307 3093">
    <p class='ocr_par' dir='ltr' id='par_1_6' title="bbox 160 2808 1307 3093">
     <span class='ocr_line' id='line_1_25' title="bbox 161 2808 1307 2896; baseline -0.003 -19"><span class='ocrx_word' id='word_1_224' title='bbox 161 2817 240 2877; x_wconf 90' lang='lat' dir='ltr'><strong>bullo</strong></span> <span class='ocrx_word' id='word_1_225' title='bbox 262 2815 310 2888; x_wconf 85' lang='lat' dir='ltr'><strong>(of.</strong></span> <span class='ocrx_word' id='word_1_226' title='bbox 325 2816 362 2890; x_wconf 92' lang='lat'><strong>11,</strong></span> <span class='ocrx_word' id='word_1_227' title='bbox 380 2818 408 2890; x_wconf 81' lang='lat'><strong>3,</strong></span> <span class='ocrx_word' id='word_1_228' title='bbox 425 2818 443 2874; x_wconf 81' lang='lat'><strong>2</strong></span> <span class='ocrx_word' id='word_1_229' title='bbox 463 2810 597 2895; x_wconf 80' lang='lat' dir='ltr'><strong>ferream</strong></span> <span class='ocrx_word' id='word_1_230' title='bbox 619 2821 671 2893; x_wconf 84' lang='lat' dir='ltr'><strong>cat,</strong></span> <span class='ocrx_word' id='word_1_231' title='bbox 691 2808 838 2888; x_wconf 66' lang='grc'><strong>10001000,</strong></span> <span class='ocrx_word' id='word_1_232' title='bbox 860 2809 1002 2896; x_wconf 62' lang='lat' dir='ltr'><strong>qaabqaals</strong></span> <span class='ocrx_word' id='word_1_233' title='bbox 1028 2809 1063 2872; x_wconf 84' lang='lat' dir='ltr'><strong>ia</strong></span> <span class='ocrx_word' id='word_1_234' title='bbox 1092 2809 1169 2873; x_wconf 83' lang='lat' dir='ltr'><strong>arbe</strong></span> <span class='ocrx_word' id='word_1_235' title='bbox 1195 2812 1307 2890; x_wconf 69' lang='lat' dir='ltr'><strong>maaet)</strong></span> 
     </span>
     <span class='ocr_line' id='line_1_26' title="bbox 162 2913 1307 2992; baseline -0.008 -14"><span class='ocrx_word' id='word_1_236' title='bbox 162 2919 256 2978; x_wconf 87' lang='lat' dir='ltr'><strong>simile</strong></span> <span class='ocrx_word' id='word_1_237' title='bbox 285 2915 347 2978; x_wconf 89' lang='lat' dir='ltr'><strong>fere</strong></span> <span class='ocrx_word' id='word_1_238' title='bbox 375 2919 465 2977; x_wconf 83' lang='lat' dir='ltr'><strong>sentit</strong></span> <span class='ocrx_word' id='word_1_239' title='bbox 493 2916 646 2992; x_wconf 82' lang='lat' dir='ltr'><strong>Sulpiciae,</strong></span> <span class='ocrx_word' id='word_1_240' title='bbox 670 2931 745 2990; x_wconf 89' lang='lat' dir='ltr'><strong>quae</strong></span> <span class='ocrx_word' id='word_1_241' title='bbox 772 2913 811 2974; x_wconf 89' lang='lat' dir='ltr'><strong>ad</strong></span> <span class='ocrx_word' id='word_1_242' title='bbox 835 2915 1004 2975; x_wconf 88' lang='lat' dir='ltr'><strong>Messallam</strong></span> <span class='ocrx_word' id='word_1_243' title='bbox 1024 2914 1098 2975; x_wconf 90' lang='lat' dir='ltr'><strong>haec</strong></span> <span class='ocrx_word' id='word_1_244' title='bbox 1118 2914 1208 2975; x_wconf 86' lang='lat' dir='ltr'><strong>verba</strong></span> <span class='ocrx_word' id='word_1_245' title='bbox 1231 2913 1307 2986; x_wconf 85' lang='lat' dir='ltr'><strong>(Tib.</strong></span> 
     </span>
     <span class='ocr_line' id='line_1_27' title="bbox 160 3017 948 3093; baseline -0.006 -15"><span class='ocrx_word' id='word_1_246' title='bbox 160 3017 211 3086; x_wconf 86' lang='lat' dir='ltr'><strong>IV,</strong></span> <span class='ocrx_word' id='word_1_247' title='bbox 233 3019 262 3091; x_wconf 83' lang='grc'><strong>8,</strong></span> <span class='ocrx_word' id='word_1_248' title='bbox 289 3018 400 3093; x_wconf 84' lang='lat' dir='ltr'><strong>lsqq.]</strong></span> <span class='ocrx_word' id='word_1_249' title='bbox 423 3018 553 3090; x_wconf 77' lang='lat' dir='ltr'><strong>scripsit:</strong></span> <span class='ocrx_word' id='word_1_250' title='bbox 947 3035 948 3039; x_wconf 44' lang='lat'>¹</span> 
     </span>
    </p>
   </div>
   <div class='ocr_carea' id='block_1_5' title="bbox 320 3157 1099 3449">
    <p class='ocr_par' dir='ltr' id='par_1_7' title="bbox 320 3157 1099 3449">
     <span class='ocr_line' id='line_1_28' title="bbox 322 3157 1087 3246; baseline -0.001 -24"><span class='ocrx_word' id='word_1_251' title='bbox 322 3157 452 3224; x_wconf 79' lang='lat' dir='ltr'><strong>Incisus</strong></span> <span class='ocrx_word' id='word_1_252' title='bbox 472 3159 590 3224; x_wconf 81' lang='lat' dir='ltr'><strong>natalis</strong></span> <span class='ocrx_word' id='word_1_253' title='bbox 612 3158 709 3238; x_wconf 80' lang='lat' dir='ltr'><strong>odeat,</strong></span> <span class='ocrx_word' id='word_1_254' title='bbox 731 3161 785 3246; x_wconf 80' lang='lat' dir='ltr'><strong>qai</strong></span> <span class='ocrx_word' id='word_1_255' title='bbox 805 3181 901 3222; x_wconf 83' lang='lat' dir='ltr'><strong>rare</strong></span> <span class='ocrx_word' id='word_1_256' title='bbox 921 3158 1087 3222; x_wconf 79' lang='lat' dir='ltr'><strong>molesto</strong></span> 
     </span>
     <span class='ocr_line' id='line_1_29' title="bbox 419 3255 1099 3345; baseline 0.001 -23"><span class='ocrx_word' id='word_1_257' title='bbox 419 3258 465 3322; x_wconf 86' lang='lat' dir='ltr'><strong>Et</strong></span> <span class='ocrx_word' id='word_1_258' title='bbox 485 3259 553 3322; x_wconf 80' lang='lat' dir='ltr'><strong>aiae</strong></span> <span class='ocrx_word' id='word_1_259' title='bbox 578 3256 725 3325; x_wconf 68' lang='lat' dir='ltr'><strong>Cematbo</strong></span> <span class='ocrx_word' id='word_1_260' title='bbox 746 3259 845 3322; x_wconf 79' lang='lat' dir='ltr'><strong>tristia</strong></span> <span class='ocrx_word' id='word_1_261' title='bbox 867 3255 1008 3345; x_wconf 60' lang='lat' dir='ltr'><strong>woradus</strong></span> <span class='ocrx_word' id='word_1_262' title='bbox 1029 3258 1099 3323; x_wconf 79' lang='lat' dir='ltr'><strong>erit.</strong></span> 
     </span>
     <span class='ocr_line' id='line_1_30' title="bbox 320 3354 990 3449; baseline -0.003 -27"><span class='ocrx_word' id='word_1_263' title='bbox 320 3354 497 3449; x_wconf 77' lang='lat' dir='ltr'><strong>Dulcius</strong></span> <span class='ocrx_word' id='word_1_264' title='bbox 518 3357 615 3423; x_wconf 82' lang='lat' dir='ltr'><strong>arbe</strong></span> <span class='ocrx_word' id='word_1_265' title='bbox 636 3357 736 3444; x_wconf 77' lang='lat' dir='ltr'><strong>qaid</strong></span> <span class='ocrx_word' id='word_1_266' title='bbox 757 3357 836 3422; x_wconf 77' lang='lat' dir='ltr'><strong>est?</strong></span> <span class='ocrx_word' id='word_1_267' title='bbox 987 3360 990 3365; x_wconf 85' lang='lat'>&#39;</span> 
     </span>
    </p>
   </div>
   <div class='ocr_carea' id='block_1_6' title="bbox 161 3498 1298 3675">
    <p class='ocr_par' dir='ltr' id='par_1_8' title="bbox 161 3498 1298 3675">
     <span class='ocr_line' id='line_1_31' title="bbox 184 3498 1298 3574; baseline -0.004 -17"><span class='ocrx_word' id='word_1_268' title='bbox 184 3551 189 3557; x_wconf 91' lang='lat'>.</span> <span class='ocrx_word' id='word_1_269' title='bbox 229 3500 308 3560; x_wconf 78' lang='lat' dir='ltr'><strong>¹Nec</strong></span> <span class='ocrx_word' id='word_1_270' title='bbox 336 3499 626 3572; x_wconf 84' lang='lat' dir='ltr'><strong>praetermittendam</strong></span> <span class='ocrx_word' id='word_1_271' title='bbox 654 3515 719 3560; x_wconf 86' lang='lat' dir='ltr'><strong>esse</strong></span> <span class='ocrx_word' id='word_1_272' title='bbox 738 3498 911 3559; x_wconf 86' lang='lat' dir='ltr'><strong>sententiam</strong></span> <span class='ocrx_word' id='word_1_273' title='bbox 932 3503 1012 3574; x_wconf 89' lang='lat' dir='ltr'><strong>puto,</strong></span> <span class='ocrx_word' id='word_1_274' title='bbox 1034 3514 1118 3572; x_wconf 91' lang='lat' dir='ltr'><strong>quam</strong></span> <span class='ocrx_word' id='word_1_275' title='bbox 1138 3499 1216 3557; x_wconf 85' lang='lat' dir='ltr'><strong>inc.</strong></span> <span class='ocrx_word' id='word_1_276' title='bbox 1240 3499 1257 3556; x_wconf 82' lang='lat'><strong>3</strong></span> <span class='ocrx_word' id='word_1_277' title='bbox 1275 3510 1298 3554; x_wconf 83' lang='lat' dir='ltr'><strong>r.</strong></span> 
     </span>
     <span class='ocr_line' id='line_1_32' title="bbox 161 3598 594 3675; baseline -0.009 -14"><span class='ocrx_word' id='word_1_278' title='bbox 161 3603 203 3661; x_wconf 80' lang='lat'><strong>20</strong></span> <span class='ocrx_word' id='word_1_279' title='bbox 223 3600 394 3675; x_wconf 81' lang='lat' dir='ltr'><strong>pronuntiat</strong></span> <span class='ocrx_word' id='word_1_280' title='bbox 414 3598 594 3674; x_wconf 78' lang='lat' dir='ltr'><strong>Lygdamus:</strong></span> 
     </span>
    </p>
   </div>
   <div class='ocr_carea' id='block_1_7' title="bbox 470 3726 974 3812">
    <p class='ocr_par' dir='ltr' id='par_1_9' title="bbox 470 3726 974 3812">
     <span class='ocr_line' id='line_1_33' title="bbox 470 3726 974 3812; baseline -0.01 -20"><span class='ocrx_word' id='word_1_281' title='bbox 470 3726 563 3811; x_wconf 74' lang='lat' dir='ltr'><strong>falso</strong></span> <span class='ocrx_word' id='word_1_282' title='bbox 579 3726 725 3812; x_wconf 64' lang='lat' dir='ltr'><strong>plurimo</strong></span> <span class='ocrx_word' id='word_1_283' title='bbox 746 3726 856 3812; x_wconf 76' lang='lat' dir='ltr'><strong>volgus</strong></span> <span class='ocrx_word' id='word_1_284' title='bbox 878 3735 974 3804; x_wconf 84' lang='lat' dir='ltr'><strong>amat,</strong></span> 
     </span>
    </p>
   </div>
   <div class='ocr_carea' id='block_1_8' title="bbox 160 3854 1298 4251">
    <p class='ocr_par' dir='ltr' id='par_1_10' title="bbox 160 3854 1298 4251">
     <span class='ocr_line' id='line_1_34' title="bbox 161 3854 1295 3947; baseline -0.007 -19"><span class='ocrx_word' id='word_1_285' title='bbox 161 3883 247 3943; x_wconf 89' lang='lat' dir='ltr'><strong>quam</strong></span> <span class='ocrx_word' id='word_1_286' title='bbox 268 3875 298 3929; x_wconf 90' lang='lat' dir='ltr'><strong>et</strong></span> <span class='ocrx_word' id='word_1_287' title='bbox 314 3858 410 3942; x_wconf 85' lang='lat' dir='ltr'><strong>ipsam</strong></span> <span class='ocrx_word' id='word_1_288' title='bbox 430 3865 541 3928; x_wconf 80' lang='lat' dir='ltr'><strong>frustra</strong></span> <span class='ocrx_word' id='word_1_289' title='bbox 562 3883 685 3947; x_wconf 88' lang='lat' dir='ltr'><strong>quaeras</strong></span> <span class='ocrx_word' id='word_1_290' title='bbox 705 3867 781 3941; x_wconf 89' lang='lat' dir='ltr'><strong>apud</strong></span> <span class='ocrx_word' id='word_1_291' title='bbox 802 3865 958 3925; x_wconf 83' lang='lat' dir='ltr'><strong>Tibullum.</strong></span> <span class='ocrx_word' id='word_1_292' title='bbox 994 3863 1071 3923; x_wconf 87' lang='lat' dir='ltr'><strong>Nam</strong></span> <span class='ocrx_word' id='word_1_293' title='bbox 1093 3879 1130 3924; x_wconf 87' lang='lat' dir='ltr'><strong>ex</strong></span> <span class='ocrx_word' id='word_1_294' title='bbox 1148 3863 1194 3922; x_wconf 89' lang='lat' dir='ltr'><strong>his</strong></span> <span class='ocrx_word' id='word_1_295' title='bbox 1214 3854 1295 3935; x_wconf 76' lang='lat' dir='ltr'><strong>verbi</strong></span> 
     </span>
     <span class='ocr_line' id='line_1_35' title="bbox 160 3961 1294 4045; baseline -0.009 -18"><span class='ocrx_word' id='word_1_296' title='bbox 160 3967 246 4031; x_wconf 80' lang='lat' dir='ltr'><strong>facile</strong></span> <span class='ocrx_word' id='word_1_297' title='bbox 271 3966 425 4029; x_wconf 86' lang='lat' dir='ltr'><strong>concludes</strong></span> <span class='ocrx_word' id='word_1_298' title='bbox 449 3984 519 4028; x_wconf 85' lang='lat' dir='ltr'><strong>eum</strong></span> <span class='ocrx_word' id='word_1_299' title='bbox 538 3967 587 4041; x_wconf 87' lang='lat' dir='ltr'><strong>qui</strong></span> <span class='ocrx_word' id='word_1_300' title='bbox 608 3966 759 4045; x_wconf 85' lang='lat' dir='ltr'><strong>scripserit</strong></span> <span class='ocrx_word' id='word_1_301' title='bbox 778 3965 884 4025; x_wconf 90' lang='lat' dir='ltr'><strong>librum</strong></span> <span class='ocrx_word' id='word_1_302' title='bbox 906 3965 1034 4036; x_wconf 86' lang='lat' dir='ltr'><strong>tertium,</strong></span> <span class='ocrx_word' id='word_1_303' title='bbox 1058 3979 1121 4027; x_wconf 87' lang='lat' dir='ltr'><strong>esse</strong></span> <span class='ocrx_word' id='word_1_304' title='bbox 1141 3961 1294 4022; x_wconf 84' lang='lat' dir='ltr'><strong>honestiore</strong></span> 
     </span>
     <span class='ocr_line' id='line_1_36' title="bbox 161 4054 1294 4139; baseline -0.008 -11"><span class='ocrx_word' id='word_1_305' title='bbox 161 4075 192 4128; x_wconf 87' lang='lat' dir='ltr'><strong>et</strong></span> <span class='ocrx_word' id='word_1_306' title='bbox 211 4068 354 4130; x_wconf 85' lang='lat' dir='ltr'><strong>nobiliore</strong></span> <span class='ocrx_word' id='word_1_307' title='bbox 380 4069 446 4129; x_wconf 87' lang='lat' dir='ltr'><strong>loeo</strong></span> <span class='ocrx_word' id='word_1_308' title='bbox 474 4071 591 4134; x_wconf 87' lang='lat' dir='ltr'><strong>uatum,</strong></span> <span class='ocrx_word' id='word_1_309' title='bbox 620 4067 669 4139; x_wconf 91' lang='lat' dir='ltr'><strong>qni</strong></span> <span class='ocrx_word' id='word_1_310' title='bbox 698 4065 829 4126; x_wconf 86' lang='lat' dir='ltr'><strong>homines</strong></span> <span class='ocrx_word' id='word_1_311' title='bbox 850 4060 996 4135; x_wconf 83' lang='lat' dir='ltr'><strong>inferioris</strong></span> <span class='ocrx_word' id='word_1_312' title='bbox 1018 4060 1126 4121; x_wconf 87' lang='lat' dir='ltr'><strong>ordinis</strong></span> <span class='ocrx_word' id='word_1_313' title='bbox 1146 4064 1199 4119; x_wconf 89' lang='lat' dir='ltr'><strong>aut</strong></span> <span class='ocrx_word' id='word_1_314' title='bbox 1224 4054 1294 4133; x_wconf 70' lang='lat' dir='ltr'><strong>parti</strong></span> 
     </span>
     <span class='ocr_line' id='line_1_37' title="bbox 161 4161 1298 4251; baseline -0.01 -22"><span class='ocrx_word' id='word_1_315' title='bbox 161 4170 297 4230; x_wconf 87' lang='lat' dir='ltr'><strong>aestimet</strong></span> <span class='ocrx_word' id='word_1_316' title='bbox 318 4173 369 4230; x_wconf 84' lang='lat' dir='ltr'><strong>aut</strong></span> <span class='ocrx_word' id='word_1_317' title='bbox 390 4183 510 4243; x_wconf 86' lang='lat' dir='ltr'><strong>prorsus</strong></span> <span class='ocrx_word' id='word_1_318' title='bbox 532 4170 708 4229; x_wconf 68' lang='lat' dir='ltr'><strong>conmmnat.</strong></span> <span class='ocrx_word' id='word_1_319' title='bbox 742 4165 804 4238; x_wconf 74' lang='lat' dir='ltr'><strong>Quo</strong></span> <span class='ocrx_word' id='word_1_320' title='bbox 818 4165 848 4222; x_wconf 91' lang='lat' dir='ltr'><strong>in</strong></span> <span class='ocrx_word' id='word_1_321' title='bbox 863 4167 1031 4235; x_wconf 87' lang='lat' dir='ltr'><strong>contemptu</strong></span> <span class='ocrx_word' id='word_1_322' title='bbox 1044 4161 1189 4220; x_wconf 87' lang='lat' dir='ltr'><strong>consentit</strong></span> <span class='ocrx_word' id='word_1_323' title='bbox 1209 4162 1298 4251; x_wconf 75' lang='lat' dir='ltr'><strong>amter-</strong></span> 
     </span>
    </p>
   </div>
   <div class='ocr_carea' id='block_1_9' title="bbox 0 0 1332 4716">
    <p class='ocr_par' dir='ltr' id='par_1_11' title="bbox 0 0 1332 4716">
     <span class='ocr_line' id='line_1_38' title="bbox 0 0 1332 4716; baseline 0 0"><span class='ocrx_word' id='word_1_324' title='bbox 0 0 1332 4716; x_wconf 95' lang='lat' dir='ltr'><strong> </strong></span> 
     </span>
    </p>
   </div>
  </div>
 </body>
</html>
