2656 4716
601 693 735 782 Oaros
759 695 832 779 IV.

224 914 269 974 Ae
296 915 418 989 primum
446 916 560 990 quidem
587 932 672 989 quam
699 914 865 975 breuissime
888 914 923 972 de
945 919 1010 974 arte
1030 915 1197 973 metrica
1223 911 1283 973 libri·

141 990 221 1075 tertii
250 1030 377 1089 agamus.
427 1014 473 1074 De
500 1030 558 1088 qua
587 1019 760 1088 quamquam
786 1015 816 1072 in
843 1014 1009 1073 universum
1036 1017 1115 1071 reete
1146 1011 1282 1073 Luciacus
1317 1031 1319 1036 ·

143 1113 269 1172 Mueller
298 1116 439 1187 exposuit,
469 1130 534 1174 cum
563 1116 593 1173 in
621 1113 716 1175 indice
745 1113 933 1186 grammatico
960 1111 1080 1172 editioni
1108 1108 1282 1172 libulliaaao

144 1212 257 1272 adnexo
277 1231 306 1287 p.
323 1216 360 1272 62
384 1214 567 1288 Lygdamum
588 1214 676 1287 plane
697 1213 824 1273 eiusdem
846 1213 917 1271 artis
940 1211 1078 1272 metricae
1094 1226 1128 1271 aa
1144 1209 1282 1270 Tibullum

146 1328 210 1372 esse
232 1313 359 1390 doceret,
379 1319 478 1374 tamen
501 1315 532 1372 in
553 1315 672 1388 singulis
692 1313 875 1373 dissentiunt.

144 1488 146 1493 Ι
186 1440 188 1445 ·
228 1410 323 1472 Adeas
355 1428 484 1484 mecum,
520 1415 544 1473 si
579 1414 684 1487 placet,
720 1413 914 1472 clausulas
949 1413 1284 1482 pentametrorum

144 1512 226 1570 Inter
246 1528 344 1572 omnes
365 1515 489 1585 constat,
511 1513 795 1587 praestantissimum
815 1527 957 1585 quemque
978 1510 1171 1583 elegiaoorum
1193 1511 1285 1582 poeta·

143 1627 208 1668 rum
230 1611 425 1670 Romanorum
447 1612 477 1671 id
499 1612 655 1681 laborasse,
678 1618 710 1671 ut
731 1611 861 1670 iambicis
882 1610 1051 1683 plerumque
1072 1607 1168 1669 uerbis
1190 1611 1288 1680 penta·

145 1711 232 1768 metri
253 1711 464 1771 clauderentur.
508 1711 590 1783 Quod
612 1716 750 1786 quantam
770 1709 903 1769 habuerit
925 1707 1139 1780 difficultatem,
1170 1712 1288 1782 apparet

145 1826 180 1868 ex
203 1809 328 1883 Catullo,
357 1812 504 1886 Propertii
531 1813 633 1885 primis
661 1809 751 1885 libris,
775 1811 847 1882 aliis,
871 1811 922 1883 qui
943 1810 1065 1882 penuria
1085 1806 1288 1873 vocabulorum

144 1909 314 1987 idoneorum
335 1912 428 1969 coacti
444 1904 617 1995 ‘saepissime'
631 1908 747 1970 vocibuis
768 1910 833 1983 plus
854 1908 975 1969 duarum
991 1907 1167 1982 syllabarum
1186 1913 1303 1983 pentc·'

30 2084 36 2089 ·
145 2012 253 2068 metros
273 2007 447 2069 finiverunt.
1134 1992 1138 1999 ¹
1203 1992 1206 1997 ¹
1235 2052 1259 2083 ,-

228 2108 406 2169 Catullus
434 2111 534 2184 igitur,
564 2118 597 2170 ut
623 2111 786 2173 historiam,
805 2126 903 2169 versus
933 2111 1109 2183 pentametri
1125 2090 1227 2181 mode
1256 2107 1292 2166 ad

146 2208 278 2267 Ovidium
300 2208 468 2268 breuissime
490 2225 633 2283 enarrem,
655 2225 774 2284 prorsus
791 2211 1086 2285 vestigia-poetarum
1099 2207 1290 2282 elegiacorum

147 2308 326 2367 Graecorum
357 2310 478 2382 premit,
509 2310 586 2383 apud
616 2325 686 2382 quos
716 2326 784 2369 usus
812 2310 1057 2383 polysyllabarnm
1079 2323 1181 2368 vocum
1203 2312 1236 2365 ut
1263 2307 1289 2364 in

145 2407 377 2466 hexametrorum
401 2409 443 2466 ita
464 2410 494 2466 in
514 2413 763 2482 pentametrorum
777 2411 911 2469 clausulis
933 2416 997 2469 erat
1018 2409 1105 2468 tritus
1127 2413 1158 2467 et
1179 2406 1289 2482 pervul-

146 2510 230 2579 gatus
256 2523 310 2566 nec
340 2506 455 2574 habuit,
479 2509 557 2581 quod
583 2525 683 2568 eorum
704 2525 790 2568 aures
811 2507 979 2568 offenderet.
1022 2509 1067 2567 De
1089 2523 1147 2580 qua
1169 2523 1204 2566 re
1227 2522 1288 2566 oon·

145 2603 223 2664 feras
250 2605 377 2667 tabulam
406 2607 442 2666 ab
471 2609 635 2680 Hultgreno
665 2607 797 2682 (Observ.
820 2608 930 2667 metria.
958 2610 989 2667 in
1018 2611 1121 2681 poetas
1148 2607 1287 2681 elegiacos

147 2702 271 2765 Graecos
301 2711 330 2765 et
358 2706 487 2766 Latinos.
508 2724 576 2780 pars
604 2708 692 2781 prior.
722 2709 752 2766 in
782 2712 1000 2783 programmate
1028 2708 1173 2783 gymnasii
1201 2704 1287 2765 Niool

143 2802 305 2877 Lipsiensis
339 2801 432 2880 1871)
459 2807 644 2880 propositam.
688 2805 729 2865 Ut
757 2822 846 2865 unum
875 2806 1004 2880 afferam,
1027 2805 1160 2866 Gatnllus
1191 2812 1237 2865 tar
1263 2806 1287 2862 et

23 2952 40 2973 ,
145 2906 273 2978 octogies
294 2909 507 2979 pentametrum
529 2907 716 2977 anapaestica
736 2923 814 2979 voce,
836 2923 911 2980 quae
934 2907 1061 2966 clausula
1080 2912 1186 2978 postea
1201 2906 1286 2966 duris·
1324 2952 1326 2959 .

146 3004 219 3063 sima
248 3005 384 3064 Romanis
417 3019 480 3063 esse
508 3003 677 3076 videbatur,
708 3007 811 3066 clausit
839 3024 893 3066 nec
923 3008 1037 3081 saepius
1066 3022 1151 3080 quam
1187 3006 1287 3065 sentim
1322 3021 1326 3059 i

146 3103 232 3163 vicies
253 3109 299 3162 ter
320 3104 463 3178 legitimus
484 3100 549 3163 finis
569 3103 729 3177 bisyllabus
751 3106 828 3178 apud
850 3123 914 3166 eum
936 3107 1052 3180 legitur.

229 3202 363 3262 Eandem
391 3204 533 3263 rationem
560 3205 591 3262 in
620 3203 750 3264 versibus
779 3207 968 3278 pentametris
997 3205 1159 3280 pangendis
1179 3201 1286 3262 videtur
1323 3222 1326 3231 ·

146 3306 260 3361 secutus
281 3317 346 3362 esse
367 3303 543 3362 Licinius
565 3302 717 3372 Caluus,
739 3321 776 3364 ex
803 3305 882 3364 cuius
911 3310 1061 3377 quattuor,
1091 3306 1140 3377 qui
1170 3303 1283 3369 exstant

146 3401 335 3474 pentametris
357 3401 414 3460 duo
435 3400 573 3461 uocabulo
594 3402 747 3476 trisyllaba
768 3403 941 3463 clauduntur
963 3401 1011 3475 (ci.
1033 3404 1066 3462 L.
1088 3404 1213 3464 Mueller
1236 3398 1283 3460 Ga·
1323 3404 1326 3409 '

146 3501 210 3559 tull.
232 3519 260 3574 p.
283 3495 347 3577 86).

230 3599 403 3660 Accuratius
424 3600 500 3659 hunc
520 3616 638 3661 versum
658 3604 813 3676 perpolivit
833 3604 1025 3693 Tibullus,
1047 3619 1111 3662 cnm
1132 3602 1283 3660 luculenter
1323 3630 1326 3635 ·

147 3715 266 3773 operam
294 3699 390 3770 daret,
419 3699 593 3760 atrocibus
622 3701 768 3774 disyllabis
797 3708 995 3776 pentametros
1024 3701 1181 3763 clauderet.
1231 3699 1282 3758 Iao
1324 3746 1326 3758 .

147 3798 225 3871 apud
246 3815 310 3858 eum
337 3801 369 3859 in
395 3800 490 3872 primo
517 3800 697 3874 secundoque
717 3801 799 3861 libris
820 3810 850 3862 et
873 3805 904 3861 in
924 3804 992 3862 libri
1013 3802 1111 3874 quarti
1132 3801 1221 3859 tertia
1240 3796 1282 3855 de·
1323 3802 1326 3827 ²

147 3899 223 3958 eima
243 3906 272 3958 et
293 3905 397 3972 quarta
419 3901 530 3961 decima
551 3902 652 3976 elegiis
673 3931 709 3942 -
736 3907 898 3962 ceterorum
920 3905 995 3963 enim
1023 3901 1090 3962 libri
1110 3901 1208 3974 quarti
1228 3909 1282 3956 aar·
1321 3920 1326 3955 ς

148 3997 269 4071 minum,
299 4015 363 4059 cum
392 4016 449 4060 non
478 4001 556 4059 inter
584 4015 684 4059 omnes
713 4008 832 4075 constet,
855 4019 924 4061 num
945 4020 1013 4063 rere
1042 4001 1206 4061 Tibulliana
1225 3996 1281 4062 sinis
1320 4002 1326 4033 ”³

144 4082 290 4160 rationem
304 4116 361 4160 non
375 4098 470 4160 habeo
486 4129 525 4142 -
540 4105 573 4159 ut
587 4100 769 4161 durissimam
783 4103 939 4164 clausulam
954 4101 1081 4172 afferam,
1093 4101 1196 4176 uiginti
1211 4097 1282 4172 quat·
1321 4142 1326 4149 .
