2656 4716
712 178 737 234 ·2

157 395 329 455 quamquam
356 386 386 437 et
415 379 548 437 tollendis
578 383 608 438 et
632 379 854 452 transponendis
884 380 1014 438 versibus
1043 382 1130 440 nimis
1159 376 1326 443 99919919ᾗ

158 481 286 540 carmina
306 495 409 537 sanare
430 479 547 554 studuit,
580 486 676 538 tamen
698 494 768 537 cura
789 495 840 536 sua
863 481 1130 554 quaestionibusque
1144 497 1163 541 a
1177 497 1209 541 se
1229 499 1286 557 pro
1309 493 1318 533 ῑ

156 581 258 656 positis
280 579 371 637 multa
391 580 494 677 inesse
508 581 539 635 in
560 579 670 651 elegiis,
693 593 766 651 quae
788 581 967 639 curationem
982 581 1190 654 desiderarent,
1214 583 1287 642 lucu·
1325 618 1328 620 -

156 682 252 739 lenter
279 679 413 738 ostendit.
458 678 587 753 Scaliger
609 683 705 737 autem
738 679 864 737 nondum
892 678 928 738 de
958 679 1132 738 carminibus
1153 681 1199 740 vel
1227 678 1326 740 murt

155 774 239 838 libris
266 778 381 838 Tibullo
412 777 609 837 abiudicandis
631 783 682 836 aut
709 778 905 837 adscribendis
926 781 1082 852 qnaesivit3
1105 781 1183 853 quod
1204 796 1287 854 geum
1326 813 1328 820 π

156 881 229 938 artis
251 879 368 937 criticae
390 878 504 936 Tibullo
521 880 637 950 ,primus
651 877 766 937 videtur
785 878 878 938 Barth
900 880 1073 951 adhibuisse,
1094 883 1145 953 qui
1166 881 1204 940 inv
1219 898 1287 941 com·
1309 905 1314 948 3

133 979 300 1036 'monterio
334 975 490 1036 Thebaidis
523 977 672 1036 Statianae
686 978 711 1049 ¹)
748 980 785 1038 ad
818 979 867 1038 lib.
896 980 925 1037 Π
956 998 982 1037 9.
1013 983 1074 1038 247
1084 974 1112 1050 ²)
1147 979 1290 1040 adnotavit
1310 975 1325 987 ”

155 1079 240 1138 haec:
285 1078 368 1149 ‚Vide
391 1077 532 1136 Tibullum
553 1064 636 1135 initio
655 1076 838 1152 *Panegyrici
871 1096 954 1151 quem
975 1085 1089 1151 vocant,
1112 1075 1177 1139 cum
1198 1084 1289 1140 tamen

156 1178 347 1237 humilitatem
362 1174 477 1236 affectet
490 1178 520 1236 id
536 1193 663 1252 carmen,
687 1184 716 1237 et
736 1179 775 1236 sit
795 1178 900 1253 oppido
921 1194 1007 1252 qnam
1029 1181 1120 1238 simile
1133 1182 1288 1240 Maniliano

132 1294 135 1300 ·
157 1278 330 1351 characteri,
371 1276 448 1335 unde
477 1278 652 1351 suspiciones
676 1283 792 1336 nostras
820 1277 888 1337 alibi
914 1279 1122 1362 9999991999.ι
1163 1279 1234 1339 Inde
1257 1279 1288 1338 ab

154 1395 190 1438 co
211 1383 342 1451 tempore
363 1377 447 1434 multi
468 1382 497 1435 et
518 1377 595 1436 docti
616 1378 671 1436 viri
692 1377 722 1434 in
738 1378 793 1436 hoc
808 1376 985 1436 distrahendi
999 1381 1129 1451 corporis
1143 1378 1288 1438 Tibulliani

154 1477 249 1536 studio
278 1492 396 1552 operam
425 1482 657 1550 consumpserunt
687 1477 860 1550 multumque
880 1493 928 1536 res
957 1478 987 1536 in
1007 1483 1288 1552 utramquepartem

155 1582 200 1634 est
220 1578 263 1634 ita
283 1577 439 1649 disputata,
459 1581 491 1632 ut
516 1581 599 1635 atrox
620 1577 762 1649 utrimque
783 1577 1118 1650 pugnaaccenderetur.

240 1676 297 1734 Sed
324 1679 357 1733 ut
385 1676 422 1733 ad
449 1675 554 1734 librum
582 1677 701 1734 tertium
730 1677 907 1744 accedamus,
928 1677 964 1735 de
993 1694 1049 1751 quo
1076 1679 1138 1737 solo
1166 1694 1287 1752 agemus,

155 1793 221 1836 eum
243 1776 265 1833 l.
289 1776 327 1834 H.
349 1776 422 1835 Voss
444 1774 649 1834 celeberrimus
670 1781 757 1848 poeta
777 1779 886 1850 primus
907 1778 1083 1851 gravissimis
1110 1794 1178 1835 usus
1208 1795 1290 1852 argn-

155 1877 259 1935 mentis
287 1875 441 1949 adgressus
469 1880 521 1933 est.
577 1875 651 1933 Nam
680 1877 711 1934 in
740 1875 903 1935 calendario
935 1877 1084 1936 Musarum
1112 1875 1293 1951 Gottingensi

155 1992 231 2034 anno
265 1977 343 2034 1786
372 1975 448 2034 edito
483 1980 513 2032 et
538 1977 699 2034 accuratius
727 1980 827 2047 postea
859 1977 889 2032 iu
917 1977 1050 2033 versione
1086 1974 1190 2034 Tibulli
1219 1972 1291 2047 (Tu-

153 2074 258 2148 biugae
283 2072 375 2148 1810)
397 2075 597 2134 demonstrare
618 2077 738 2133 conatus
759 2078 803 2131 est
823 2073 927 2131 librum
949 2074 1068 2131 tertium
1087 2072 1197 2133 Tibullo
1212 2073 1295 2132 abiu·

154 2176 308 2235 dicandum
331 2175 435 2247 aliique
462 2179 576 2248 poetae,
600 2189 684 2247 quem
705 2172 883 2246 Lygdamum
904 2173 1049 2232 Graecum
1071 2175 1209 2250 nominat,
1232 2189 1295 2234 esse

155 2275 348 2333 tribuendum.
392 2274 485 2346 Quam
506 2271 681 2334 sententiam
701 2289 808 2346 magna
822 2271 986 2346 disputandi
1008 2272 1165 2332 subtilitate
1186 2289 1297 2348 propo·

34 2361 38 2367 ⁷
153 2375 239 2431 sitam
259 2375 385 2448 amplexi
405 2372 579 2433 Eichstaedt
611 2373 690 2433 Bach
718 2374 836 2432 Passov
866 2372 1035 2432 Lachmann
1066 2374 1198 2432 Oebeche
1229 2372 1295 2432 Pal-

155 2474 257 2534 damus
295 2475 400 2533 Dissen
432 2474 550 2549 Grnppe
587 2474 688 2547 Haupt
726 2473 822 2533 Haase
863 2470 973 2530 Teuffel
1005 2473 1075 2531 Luc.
1099 2472 1226 2530 Mueller
1247 2474 1296 2532 alii

153 2580 216 2632 tum
244 2574 323 2632 novis
349 2576 525 2647 argumentis
553 2573 695 2632 fulserunt
716 2578 778 2631 tum
805 2572 853 2630 hic
874 2573 934 2629 illic
959 2574 1191 2631 immutaverunt.
1236 2571 1296 2631 Nea

153 2679 251 2732 tamen
274 2670 434 2746 defuerunt,
459 2675 506 2745 qui
520 2671 625 2732 Vossio
645 2674 743 2744 eisque
764 2672 898 2745 quicum
920 2673 1010 2731 secuti
1033 2677 1101 2733 sunt
1121 2673 1191 2752 viris
1204 2673 1295 2730 doctis

153 2771 279 2831 oblocuti
300 2777 397 2844 partes
419 2770 526 2830 Tibulli
547 2772 629 2844 qnasi
662 2771 778 2846 spoliati
806 2774 986 2846 susciperent
1006 2772 1084 2830 velut
1105 2771 1293 2832 Wunderlich

153 2871 251 2944 Spohu
272 2871 411 2929 Huschke
433 2869 571 2944 Golbery.

237 2972 300 3029 Nec
327 2971 506 3045 neglegenda
531 2977 598 3029 sunt
620 2987 656 3030 ea
677 2987 749 3044 quae
769 2972 800 3028 hi
820 2972 875 3030 viri
896 2971 981 3042 docti,
1006 2976 1039 3029 ut
1057 2970 1209 3044 opiniones
1230 2986 1293 3030 suas

155 3073 317 3146 firmarent,
337 3072 528 3143 protulerunt,
551 3087 615 3129 curn
636 3071 806 3145 praesertim
827 3087 886 3129 nou
906 3086 999 3142 pauca
1014 3069 1050 3126 ab
1066 3071 1109 3127 eis
1124 3085 1187 3128 esse
1202 3073 1292 3129 verius

153 3161 288 3248 expedita
316 3177 345 3230 et
371 3172 402 3229 in
430 3172 504 3229 viam
532 3175 642 3229 rectam
669 3171 790 3229 reducta
825 3171 927 3243 negari
955 3172 1088 3239 nequeat.
1138 3169 1201 3227 Iam
1228 3173 1294 3242 post

154 3270 333 3342 Gelberinm,
364 3271 412 3344 qui
443 3270 510 3344 qnid
541 3270 577 3328 de
605 3269 674 3328 libri
701 3271 783 3328 tertii
809 3269 933 3342 syllogus
963 3267 1146 3327 Tibullianae
1173 3273 1293 3328 auctore

153 3374 284 3440 sentiret,
307 3370 592 3428 commentationibus
616 3369 663 3440 ,de
685 3370 792 3429 Tibulli
813 3371 874 3427 vita
901 3373 931 3426 et
959 3366 1144 3427 carminibns‘
1176 3367 1295 3429 editioni

154 3473 273 3533 Parisiis
296 3473 375 3530 1826
398 3470 559 3529 adornatae
580 3470 736 3528 subiunctis
757 3487 785 3542 p.
800 3469 965 3527 419-494
989 3472 1019 3525 91
1039 3469 1126 3540 paulo
1147 3473 1215 3540 post
1234 3469 1295 3526 ira·

154 3573 276 3636 cundius
302 3587 389 3644 qnam
418 3570 529 3629 felicius
554 3570 804 3629 dissertatiuncula
831 3567 957 3641 ,defense
985 3568 1021 3626 de
1054 3566 1166 3626 Tibulle
1194 3572 1295 3627 contre

153 3674 290 3749 quelques
312 3687 423 3738 savans,
444 3672 494 3743 qni
516 3671 633 3729 venlent
653 3670 681 3728 le
701 3670 814 3728 vieiller
835 3668 871 3727 de
894 3670 932 3726 15
954 3665 1016 3726 ans‘
1048 3667 1190 3739 inscripta
1210 3667 1294 3726 Pari·

241 3918 263 3984 1)
280 3919 371 3970 Publii
388 3919 494 3984 Papinii
511 3918 591 3968 Statii
615 3931 683 3983 qnae
704 3920 816 3967 exstant.
853 3914 953 3980 caspar
971 3913 1097 3965 Barthius
1115 3914 1251 3964 recensuit
1272 3918 1296 3964 91

155 4005 431 4058 animadversionibus
448 4004 663 4071 locupletissimis
680 4002 835 4054 illustravit.
871 4001 996 4067 Cygueao
1017 4001 1092 4051 1664.

240 4089 376 4158 21Η9999
402 4097 429 4142 et
453 4094 499 4157 qui
524 4108 584 4142 eum
611 4095 719 4142 secutus
740 4095 780 4141 est
805 4086 871 4139 Fusa
889 4088 931 4152 ,de
949 4087 1095 4154 elegiarum
1122 4085 1192 4139 libro
1217 4103 1295 4154 quem

154 4179 287 4246 Lygdami
306 4193 363 4230 osae
381 4184 476 4244 putant
494 4173 610 4244 qnidam‘
628 4193 655 4242 p.
672 4178 688 4226 b
707 4177 791 4227 citant
809 4173 875 4225 falso
894 4173 940 4225 lib.
957 4174 995 4223 11.
1013 4189 1040 4222 v.
1058 4174 1117 4225 847.
