2656 4716
614 153 709 239 aa¹

88 373 126 414 nm
147 370 203 414 nou
225 356 323 429 paucis
343 354 435 427 poetis
455 354 590 429 Augusto
611 352 779 425 aequalibus
799 352 871 415 Hor.
884 368 971 413 carm.
986 353 1025 425 Π,
1044 355 1091 426 16,
1108 352 1147 411 39
1162 368 1205 426 sq.

88 456 115 532 Ι,
140 459 165 527 1,
194 458 218 512 1.
241 456 330 529 Verg.
353 451 445 514 Catal.
459 453 511 524 XI,
536 453 585 525 64,
608 468 662 512 nec
683 454 800 520 diutius,
821 460 854 512 ut
881 452 1021 512 eiusmodi
1048 455 1206 514 sententiae

88 556 199 628 eperias,
220 553 298 626 apud
320 553 454 613 Ovidium
476 568 603 625 quaeres.
638 552 695 611 Sed
715 553 789 611 haec
809 553 958 613 hactenus.

144 655 207 713 Iam
228 655 344 728 longum
366 659 412 712 est
433 654 530 713 omnia
550 666 703 711 recensere
731 650 855 711 artificia
883 669 957 724 quae
980 651 1079 726 Spohn
1101 651 1206 725 aliique

88 753 262 828 imbuerunt,
286 758 319 810 ut
341 754 468 813 carmina
489 751 554 810 libri
575 752 656 810 tertii
678 750 792 812 Tibullo
813 757 970 813 servarent.
1005 752 1114 812 Omitto
1136 767 1204 811 con·

88 858 202 913 ceturam
224 854 278 912 viri
300 852 466 924 doctissimi,
489 855 537 925 qui
559 868 622 910 cum
644 852 760 910 Delium
783 853 869 911 deum
890 854 920 911 in
942 868 967 910 c.
991 854 1019 908 4.
1032 867 1057 909 v.
1074 851 1112 906 79
1128 866 1205 910 com·

88 958 250 1011 remoratum
271 951 380 1011 referat
401 952 438 1010 ad
458 953 572 1011 Deliam
593 950 729 1024 puellam,
751 951 806 1011 hoc
826 953 942 1011 nomine
957 951 1063 1010 Tibulli
1083 951 1205 1010 amicam

89 1051 252 1125 gnificatam
275 1066 339 1110 esse
359 1057 451 1125 putat..
487 1052 588 1124 Neque
602 1050 780 1124 probabilius
801 1050 917 1110 Passow
931 1049 1081 1109 adnotavit
1099 1028 1208 1108 nomen'

88 1151 204 1224 ygdami
218 1148 240 1223 ¹)
260 1148 339 1208 Albii
361 1154 555 1225 praenominis
576 1153 706 1210 versione
728 1156 822 1210 ortum
836 1150 936 1223 videri
952 1149 1079 1222 quamvis
1099 1148 1204 1207 utrius·

88 1265 115 1307 re
136 1248 270 1309 vocabuli
291 1251 428 1322 prosodia
449 1267 507 1310 non
529 1251 718 1310 contradicat.

143 1348 199 1407 Illa
220 1356 391 1421 argumenta
413 1366 478 1408 cum
499 1351 561 1408 sola
581 1348 726 1427 sufficient
754 1350 790 1408 ad
817 1348 924 1408 librum
951 1350 1068 1408 tertium
1091 1345 1207 1406 Tibullo

88 1448 291 1521 iudicandum,
314 1454 425 1508 restam
445 1450 503 1509 alia
524 1455 553 1510 et
573 1451 714 1523 imprimis
728 1466 777 1509 ars
792 1450 913 1508 metrica
934 1454 964 1507 et
986 1464 1075 1522 genus
1093 1447 1207 1506 dicendi

87 1547 126 1604 ori
147 1550 227 1607 tertii
250 1564 267 1607 a
289 1550 401 1609 libullo
423 1565 480 1610 nou
501 1550 688 1610 mediocriter
707 1551 811 1622 aliena,
823 1565 897 1622 quae
917 1549 972 1608 boc
993 1549 1056 1608 loco
1077 1552 1207 1621 praeter·

89 1646 178 1704 ittera
200 1663 255 1706 non
276 1648 354 1707 licet.

132 1893 153 1961 ¹)
175 1897 276 1948 Nomen
301 1895 437 1965 Lygdami
462 1896 563 1965 legitur
586 1901 690 1964 praeter
712 1896 823 1960 librum,
844 1895 877 1946 de
901 1911 953 1961 quo
977 1895 1074 1962 agitur,
1098 1894 1207 1944 tertium

87 1981 133 2031 rud
158 1982 234 2048 Prop.
259 1982 306 2049 IV,
331 1984 355 2047 5,
383 1983 742 2036 2.11.te.24.31.at.42.
769 1982 802 2044 V,
830 1982 855 2048 7,
880 1982 924 2034 35.
948 1983 971 2047 8,
998 1979 1206 2032 31.68.70.19.

87 2082 161 2119 acan.
184 2067 274 2121 Pharo.
300 2071 352 2133 111,
377 2073 427 2120 710
451 2077 477 2122 et
501 2071 642 2139 quinquies
677 2071 705 2120 in
730 2068 962 2134 inscriptionibus,
985 2068 1021 2119 cl.
1043 2066 1206 2119 c.1.1v.n.

87 2155 287 2207 tuttocatee
308 2174 333 2224 g.
353 2159 422 2210 6310
441 2155 512 2224 (130)
532 2164 559 2210 et
577 2161 605 2210 iu
624 2157 656 2210 G.
675 2156 837 2210 Wiimaunei
855 2153 992 2220 Exemplis
1014 2153 1137 2220 inscript.
1155 2153 1207 2203 La·

87 2258 105 2294 u.
121 2241 222 2309 (Berol.
242 2240 321 2310 1873)
339 2259 379 2297 nr.
396 2247 448 2295 412
467 2244 540 2312 (tom.
559 2245 572 2296 1
591 2262 617 2313 p.
638 2240 706 2311 113).
