2656 4716
528 192 676 282 „19:-

10 407 112 467 ¹„amor
141 406 238 449 rerum
266 392 439 450 rusticarum
467 408 531 451 enm
558 391 594 450 sit
619 391 702 465 quasi
722 388 940 449 fundamentum
961 393 1057 462 poesis
1079 390 1177 452 Tibul·

10 492 144 571 plenae.
159 491 189 548 in
210 491 305 564 primo
327 507 415 564 opere
437 507 496 550 non
517 491 602 550 modo
624 507 683 550 non
703 490 825 561 deesset,
847 489 898 548 sed
919 491 1123 566 multomagis
1145 508 1177 550 se

10 594 198 675 ¹„ostentaret
241 589 288 648 An
310 590 490 651 censebimus
514 589 658 649 Tibullum
680 590 756 648 huno
776 589 854 647 ruris
876 605 1004 648 amorem
1032 596 1178 665 tamquam

10 696 142 755 fluertem
173 692 349 764 deposuisse,
382 708 447 751 oum
479 691 605 764 quinque
632 689 698 749 illa·
711 689 841 748 carmina
869 687 1078 762 componeret?
1121 688 1179 748 Sed

10 789 148 899 {edamsi
169 789 277 862 elegias
296 790 360 848 illas
382 792 543 863 posteriore
565 796 696 862 tempore
715 789 839 860 scriptas
860 805 923 848 esse
943 784 1090 855 statueris,
1104 804 1179 862 quae

10 889 176 983 ¹&sententia
202 903 295 961 paene
323 889 431 948 nnllam
459 888 550 949 babet
569 887 812 961 probabilitatem
835 903 872 947 ne
893 889 1069 960 sicquidem
1091 903 1179 949 cansa

10 988 55 1079 ga
74 987 157 1048 nobis
177 989 293 1062 prolata
313 985 436 1047 refutari
457 991 571 1061 poterit.

10 1096 26 1165 55,
120 1088 254 1161 Denique
284 1087 411 1147 absurda
440 1093 484 1149 est
515 1087 659 1147 sententia
691 1087 838 1147 nonnullis
869 1080 939 1147 viris
972 1088 1063 1147 doctis
1091 1087 1182 1149 reldti

10 1240 12 1247 .
41 1189 142 1262 Vulpio
164 1188 311 1248 Husohlrio
331 1189 445 1249 Bauero
468 1192 597 1262 accepta,
621 1189 670 1262 qui
690 1192 807 1262 poetam
828 1189 857 1245 in
878 1188 972 1260 primo
997 1194 1029 1246 et
1055 1189 1182 1248 seeundo

38 1288 115 1347 libris
148 1302 214 1346 suos
244 1288 379 1347 cecinisse
407 1303 536 1358 amores,
565 1290 596 1347 iu
624 1288 711 1347 tertio
733 1292 829 1346 antem
851 1288 962 1346 alienos
993 1288 1125 1348 Neaerae
1151 1295 1182 1349 et

39 1387 181 1462 Lygdami
201 1389 282 1461 ignes
304 1387 465 1447 celebrasse
486 1392 599 1461 putent.
643 1385 763 1445 Plurimi
785 1403 855 1446 sane
876 1388 1049 1460 interpretes
1067 1407 1103 1448 ex
1123 1391 1181 1450 illis

39 1486 253 1561 quinquelibri
281 1487 362 1546 tertii
393 1485 565 1546 carminibus
587 1502 684 1547 veram
714 1487 821 1546 amoris
847 1485 974 1547 fabulam
997 1495 1181 1561 componunt,

39 1603 92 1659 qno
113 1587 230 1646 Neaera
251 1593 281 1646 et
301 1582 467 1662 Lygdamus
489 1588 635 1647 coniuncti
656 1584 779 1645 luerint:
823 1583 969 1647 Neaeram
990 1589 1066 1647 enim
1094 1589 1200 1661 perii·⁴

10 1676 101 1767 stem
124 1689 216 1746 virum
237 1687 282 1745 vel
303 1701 440 1759 sponsum
461 1687 632 1754 deseruisse,
653 1688 702 1760 qui
722 1687 768 1746 his
789 1686 963 1747 carminibus
986 1690 1094 1749 acriter
1115 1706 1133 1750 a
1151 1706 1182 1750 se

21 1791 163 1846 amatam
183 1787 331 1845 mulierem
353 1802 524 1859 recuperare
546 1787 677 1846 voluerit.
720 1787 754 1844 In
775 1803 833 1860 qna
853 1789 1032 1862 coniectura,
1048 1795 1081 1848 ut
1094 1806 1183 1849 unum

41 1883 166 1963 efferam,
186 1903 292 1961 magna
320 1902 389 1959 pars
416 1886 539 1960 Gruppii
567 1889 728 1947 sententiae
755 1889 853 1960 posita
874 1905 938 1949 esse
968 1890 1039 1949 mibi
1059 1889 1183 1950 ridetur.

11 2002 37 2045 .·
60 1986 96 2046 ed
116 1990 179 2045 tota
197 1987 304 2047 amoris
325 1984 434 2060 fabule,
455 1987 587 2061 quamvis
606 1985 699 2045 naus
722 1985 760 2044 sit
781 1989 921 2046 amatoris
951 1989 1058 2063 imago,
1087 1991 1185 2050 neseio

44 2100 76 2145 m
96 2085 231 2152 ficticiem
250 2103 376 2161 praese
397 2084 473 2147 ierat
494 2088 620 2162 speciem
642 2087 809 2161 elegiaeque
829 2087 882 2160 ΙΠ,
901 2089 966 2146 La
980 2132 987 2146 .
1001 2088 1039 2146 3..
1051 2091 1090 2145 4.
1106 2091 1123 2146 6
1145 2091 1183 2151 eb

10 2172 12 2176 '
77 2185 230 2260 mercante,
252 2188 301 2260 qni
319 2189 384 2261 ipse
403 2187 557 2247 rhetorum
578 2185 692 2246 scholas
713 2184 880 2260 frequentet
892 2188 939 2247 vel
952 2189 1068 2249 vixdum
1084 2204 1183 2264 egres·

47 2300 89 2349 lus
115 2287 163 2363 sit,
193 2287 368 2359 compositae
396 2289 463 2347 sint.
504 2285 626 2347 Poetam
654 2289 751 2346 autem
779 2287 996 2349 adulescentem
1025 2289 1183 2351 admodum

10 2437 14 2444 .
42 2400 101 2465 esse
122 2402 242 2458 summa,
263 2403 321 2459 qna
341 2388 451 2462 elegiae
472 2387 541 2447 illae
562 2389 690 2461 insignes
708 2392 783 2459 sunt,
806 2388 940 2447 decentia
960 2388 1075 2455 ridetur
1093 2393 1184 2466 signi-

46 2482 135 2564 aare,
160 2503 235 2560 qnae
251 2491 336 2557 ⁵certo
356 2489 433 2547 inter
455 2488 552 2561 operis
572 2486 704 2548 iuuenilis
725 2492 809 2546 notas
829 2494 875 2548 est
887 2490 1076 2549 numeranda.
1107 2490 1184 2552 Sitne

10 2638 15 2658 ζ
44 2585 223 2659 inomnibus
240 2589 444 2667 monumentis
473 2588 597 2664 Latinis,
620 2600 693 2659 qnae
721 2603 769 2646 res
798 2589 1114 2663 amatoriastractant,
1135 2593 1186 2651 rix

10 2670 14 2676 ⁵
47 2688 121 2747 buta
140 2702 254 2749 morum
275 2687 393 2753 casatas
412 2688 566 2755 invenitur,
588 2692 698 2760 quanta
717 2688 749 2746 in
769 2687 837 2746 illia
871 2688 973 2762 Neque
986 2689 1186 2751 enimleulli

10 2845 12 2849 .
47 2791 93 2847 ent
110 2787 258 2861 Propertii
285 2793 336 2847 aut
358 2788 453 2848 Ovidii
480 2789 591 2864 elegiae
616 2787 776 2849 amatoriae
802 2785 1057 2862 significationibus
1084 2791 1184 2865 volup·

10 2966 12 2973 Ι
48 2888 134 2946 tatum
159 2904 315 2962 rerumque
335 2889 518 2949 venerimum
544 2892 653 2948 carent
695 2887 758 2946 Neo
778 2893 875 2946 tamen
892 2888 951 2948 bae
972 2905 1078 2949 causae
1106 2891 1185 2950 solae

10 3034 13 3045 .
40 2992 143 3047 contre
170 2985 315 3053 Tibullum
343 2989 471 3062 proferri
499 2993 638 3062 possunt;
667 2986 807 3047 accedunt
837 2987 912 3046 eliae
939 2994 982 3047 et·
997 2990 1087 3049 multo
1118 3006 1185 3064 gra-

47 3087 145 3160 riores,
167 3087 326 3162 dequibus
345 3090 405 3149 iam
426 3086 516 3148 verba
536 3086 664 3149 memma
685 3096 758 3146 snm.

48 3230 58 3251 ·.
123 3186 167 3247 Ao
186 3187 311 3261 primum
331 3188 485 3248 nomina
504 3186 671 3262 propria,
691 3202 767 3260 quae
788 3187 925 3262 leguntur
945 3190 976 3248 in
995 3188 1071 3249 libro
1098 3192 1186 3250 tertio

49 3288 249 3347 examinemus:
283 3287 467 3362 Lygdamum
483 3285 578 3346 babes
597 3287 630 3345 in
646 3303 671 3346 o.
686 3289 705 3345 2
720 3304 746 3346 u.
761 3287 971 3360 29,.Neaeram
997 3294 1023 3361 1,
1047 3291 1074 3349 6.
1089 3292 1138 3351 23.
1155 3293 1185 3367 2,
1274 3343 1276 3347 ,

53 3385 93 3443 12.
107 3386 156 3445 29.
179 3388 208 3462 3,
233 3387 326 3445 1.23.
345 3389 377 3460 4,
403 3388 517 3449 57.60.
540 3389 568 3455 6,
591 3388 641 3446 29.
667 3388 745 3449 -Iam
766 3389 910 3448 Neaeram
932 3391 1076 3462 quandem
1096 3408 1114 3452 a
1136 3393 1187 3452 Ti·

42 3479 120 3545 ballo
140 3493 268 3549 emamm
288 3488 517 3562 carminibusque
537 3487 712 3548 celebratum
734 3504 800 3547 esse
819 3488 906 3548 nullis
927 3491 1099 3550 testimoniis
1117 3506 1184 3551 oon·

51 3578 210 3653 imaturstt
254 3587 364 3647 Scimus
388 3587 533 3647 Tibullum
554 3589 643 3649 trium
656 3590 818 3663 puellarum
838 3604 939 3650 amore
953 3595 1067 3662 captum
1081 3589 1184 3651 fuisse:

47 3676 141 3755 Nedao
162 3686 295 3747 Nemesis
317 3673 466 3762 Glycerae.

124 3787 242 3847 Ovidius
268 3803 333 3847 oum
361 3787 426 3847 Am.
448 3787 501 3862 111,
525 3791 552 3861 9,
580 3792 619 3849 31
644 3805 687 3861 sq.
718 3784 778 3861 (aio
806 3784 949 3850 Nemesis
978 3786 1112 3872 longam,
1141 3789 1186 3852 aio

47 3870 146 3945 'Delio‘
157 3903 268 3945 nomen
289 3880 451 3960 babeam,
466 3881 570 3946 altero
590 3905 671 3948 cora
690 3906 805 3963 recena,
822 3885 925 3950 altero
941 3887 1067 3971 primm
1083 3893 1185 3965 amor)

45 3980 155 4047 -beliam
184 3987 271 4049 luisse
302 3988 425 4058 primam
453 3987 564 4048 Tibulli·
580 3989 704 4047 amioum
732 3994 862 4056 testetur,
887 3990 1034 4050 Nemesim
1056 3994 1187 4054 nltimam

54 4110 290 4127 *hau-—u

111 4182 131 4252 ¹)
150 4182 272 4238 concedo
289 4201 343 4237 non
362 4186 448 4251 magis
464 4186 517 4238 hoo
535 4186 568 4238 de
586 4184 686 4238 Ouidio
704 4185 829 4238 medicum
848 4202 916 4239 esse.

1001 4272 1034 4323 ρ*
