2580 4734
519 200 668 289 *as-

82 399 215 460 Versbau
235 398 321 473 hupit
341 397 401 457 und
422 404 502 458 tanzt
525 398 598 458 ovid
620 378 677 470 so‚'
699 399 764 458 dass
787 401 848 457 sein
869 398 1054 473 Hexameter,
1078 396 1166 458 selbst

66 501 116 559 den
131 504 285 558 ernsteren
299 497 470 573 Gedichten,
492 497 549 557 den
564 498 692 556 Tristien
706 497 765 555 und
775 496 894 568 Fasten,
919 496 1041 555 beinahe
1062 499 1093 555 in
1114 498 1165 557 der

86 610 112 632 ’·
138 599 191 656 der
215 595 309 656 Verse
331 598 425 656 lauter
446 595 589 669 Dactylen
610 595 681 654 hat‘.
724 596 802 654 Bene
823 595 878 654 hoc
899 602 928 654 et
947 603 1026 654 recte
1048 596 1164 654 dictum.

58 696 80 755 d
99 713 134 754 ex
166 695 271 770 quibus
298 695 390 754 Ovidii
419 693 592 754 carminibus
617 696 690 754 hace
719 692 883 754 discrimina
911 697 955 752 vir
984 695 1165 753 doctissimus

54 794 178 854 tivit?
220 796 268 854 Ex
290 793 445 853 Amoribus
475 799 505 852 et
532 792 606 852 Arte
637 795 788 869 amatoria,
821 792 924 866 quibus
952 794 1166 865 praestantiora

57 931 58 935 =
81 920 84 943 ι
111 896 216 953 tiuare
231 894 332 952 limata
347 895 476 951 carmina
495 899 613 952 exstant
631 893 720 951 nulla.
742 891 872 963 Gruppic
887 896 985 950 autem
999 897 1078 950 recte
1092 891 1165 950 haec

51 992 192 1052 rubrari
218 991 353 1063 concedo,
384 991 632 1064 quantumuis
657 990 785 1050 Leutsch
813 992 843 1049 in
876 990 1100 1062 encyclopaedia
1127 988 1163 1049 ab

51 1115 56 1122 “
94 1091 142 1150 bio
156 1096 186 1150 at
202 1089 335 1150 Grubero
356 1091 435 1150 edita
455 1087 508 1159 HI,
532 1090 550 1147 8
564 1107 592 1163 p.
608 1093 648 1148 44
662 1089 855 1149 verisimiliter
869 1090 992 1147 coniecit
1006 1087 1161 1146 divortium

76 1188 113 1249 dii
126 1189 304 1263 alteriusque
325 1191 386 1248 eius
408 1190 506 1248 uxoris
526 1187 633 1248 iactum
655 1205 718 1247 esse
740 1190 818 1247 inter
839 1203 945 1245 annum
967 1192 1035 1245 ante
1055 1185 1123 1246 Chr.
1136 1203 1164 1243 n.

49 1286 112 1347 'let
132 1291 161 1358 4,
185 1303 241 1360 quo
262 1293 391 1360 tempore
412 1287 533 1347 Amores
553 1288 583 1345 in
606 1289 730 1360 qunque
751 1293 780 1344 et
801 1291 902 1360 postea
922 1288 953 1344 in
985 1290 1045 1344 tres
1073 1285 1162 1344 libros

45 1412 86 1461 sar
105 1388 149 1445 iti
170 1388 229 1445 iam
251 1403 270 1444 a
289 1392 377 1459 poeta
398 1388 468 1446 editi
490 1393 574 1445 erant
594 1403 647 1445 nec
672 1388 761 1445 multo
790 1391 858 1460 post
878 1387 935 1443 Ars
964 1386 1107 1443 amatoria
1134 1385 1164 1441 in

50 1490 58 1530 ϊ
72 1486 163 1544 boum
185 1484 303 1558 prodiit.
333 1485 414 1557 Quod
439 1487 463 1543 si
484 1502 548 1543 curn
570 1485 614 1544 bis
635 1486 771 1559 operibus
792 1500 901 1544 summa
923 1491 987 1542 arte
1008 1485 1164 1554 ultimaque

51 1608 82 1632 111:
119 1584 268 1657 perpolitis
295 1584 365 1642 viles
392 1583 459 1642 illas
484 1590 514 1642 et
543 1588 624 1658 quasi
653 1584 765 1644 sobrias
789 1583 940 1658 Lygdami,
969 1583 1017 1655 qui
1038 1587 1164 1650 vocatur,

140 1682 306 1757 contuleris,
329 1698 387 1740 non
408 1684 512 1741 mirum
532 1683 683 1755 videbitur,
707 1685 782 1757 quod
804 1685 833 1741 in
845 1681 1029 1754 Hertzbergii
1047 1686 1161 1740 senten·

44 1779 85 1833 ‘to
111 1782 192 1839 multi
214 1781 357 1840 abierunt.
400 1782 522 1841 Accedit
542 1781 617 1852 quod
645 1797 682 1838 ex
711 1780 839 1839 versibus
861 1784 981 1838 61-71
1005 1797 1031 1838 c.
1053 1783 1090 1837 10
1112 1779 1162 1837 lib.

20 1884 61 1930 β’
85 1877 228 1944 Tristium,
251 1894 321 1951 quos
343 1879 460 1952 Gruppe
482 1880 520 1938 ad
545 1895 625 1938 suam
653 1880 847 1938 coniecturam
868 1880 1040 1939 firmandam
1068 1877 1162 1950 affert,

19 1989 43 2036 ,ξι
66 1999 69 2024 ι
114 1975 188 2034 alud
211 1977 342 2036 concludi
361 1983 467 2052 potest,
491 1994 577 2051 quam
599 1978 675 2048 quod
697 1975 813 2035 Ovidius
834 1981 895 2050 ipse
917 1978 988 2036 dicit
1008 1976 1163 2036 secundam

25 2074 168 2147 n·ingem
189 2077 220 2133 in
241 2079 306 2133 toro
326 2092 383 2134 non
404 2075 517 2133 firmam
539 2075 640 2135 fuisse.
673 2074 731 2134 Sed
752 2092 836 2147 quam
859 2074 894 2134 cb
915 2091 978 2133 rem
998 2091 1059 2133 non
1080 2074 1163 2132 firma

25 2173 115 2239 erit,
144 2177 241 2232 utrum
274 2178 376 2245 erepta
404 2176 499 2232 sitan
521 2176 578 2233 alio
599 2177 684 2234 modo
707 2174 859 2233 divortium
881 2173 988 2233 factum
1010 2174 1056 2244 sit,
1077 2173 1163 2246 plane

37 2286 195 2332 ,uramus
237 2272 328 2329 Immo
347 2273 432 2345 longe
461 2273 547 2332 aliter
568 2291 614 2333 res
642 2290 704 2332 sese
733 2274 828 2345 habet,
862 2277 886 2332 si
907 2288 1018 2331 mecum
1047 2271 1163 2344 elegias,

34 2369 58 2416 Ἀ
79 2369 180 2443 quibus
202 2370 387 2443 disputamus,
420 2373 600 2431 adulescenti
632 2380 661 2432 et
692 2389 784 2445 paene
812 2390 905 2444 puero
927 2373 1027 2432 Ovidio
1056 2370 1163 2431 adscri-

12 2467 191 2554 1Ϊιινθ1ἰ8,
411 2448 417 2459 ¹
726 2534 730 2542 ¹
996 2528 1001 2539 ‚

25 2558 38 2627 i
103 2569 148 2626 Ac
178 2569 300 2640 primum
334 2569 448 2640 quidem
479 2570 545 2629 libri
577 2572 656 2629 tertii
691 2586 776 2627 usum
804 2569 938 2641 loquendi
966 2570 1163 2641 poeticumque

52 2669 173 2725 ctionem
195 2682 287 2738 prope
308 2668 446 2726 accedere
466 2669 503 2727 ad
517 2668 647 2729 Ovidium
672 2668 884 2728 demonstrabo.
908 2668 987 2739 Quae
1001 2669 1047 2726 cui
1061 2672 1164 2740 poetae

9 2766 165 2827 rtimillima
185 2768 252 2837 sint,
273 2768 363 2825 miror
384 2768 460 2839 quod
482 2784 565 2827 nemo
588 2769 681 2827 adhuc
703 2769 865 2828 accuratius
886 2767 1042 2840 indagavit.

9 2852 25 2923 [-
102 2865 271 2924 Orationem
298 2867 442 2937 poeticam
467 2874 583 2940 praeter
613 2872 725 2926 ceteros
754 2868 879 2940 Augusti
899 2871 997 2925 aetate
1017 2868 1163 2939 Vergilius

21 2960 161 3024 Horatius
184 2963 314 3022 Tibullus
335 2963 502 3038 Propertius
521 2968 637 3025 Ovidius
659 2969 782 3034 maxime
804 2966 1001 3033 excoluerunt,
1025 2965 1071 3035 qui
1094 2980 1163 3035 quas

9 3062 168 3135 sumamus
182 3064 302 3135 quisque
322 3065 481 3124 locutiones
503 3067 628 3137 poeticas
649 3066 722 3124 bene
744 3065 936 3135 composuisse
958 3063 1111 3134 videretur,
1135 3068 1164 3120 et

9 3158 143 3219 'libenter
165 3166 195 3219 et
216 3176 302 3234 saepe
321 3164 352 3220 in
373 3179 454 3221 suum
477 3182 560 3224 usum
581 3160 806 3223 transferebant.
841 3162 903 3233 Quo
924 3161 1031 3222 factum
1054 3169 1106 3231 est,
1129 3168 1162 3219 nt

16 3274 140 3335 prorsus
160 3260 262 3319 eodem
283 3260 447 3335 modoque
479 3271 658 3336 argumenta,
689 3267 776 3323 etiam
804 3265 858 3321 hae
889 3280 942 3335 per
973 3262 1165 3320 successiones

15 3360 157 3433 quasdam
178 3360 365 3419 traderentur
386 3376 478 3434 neque
499 3380 634 3436 umquam
658 3365 798 3432 deessent,
832 3363 927 3434 quisi
949 3362 1013 3431 quis
1035 3361 1165 3431 poeticae

17 3459 77 3517 arti
96 3458 231 3517 idoneam
252 3457 406 3527 verborum
428 3463 657 3523 coniunctionem
683 3463 883 3534 excogitasset,
915 3459 991 3518 hanc
1015 3457 1165 3518 occasione

8 3556 90 3645 'data
118 3558 294 3616 carminibus
324 3560 382 3618 suis
409 3562 602 3621 innecterent.
646 3561 730 3619 Hanc
755 3561 843 3632 igitur
871 3559 1002 3630 poeticae
1032 3557 1165 3615 dictionis

8 3660 141 3735 copiam,
164 3674 251 3729 quam
264 3656 341 3716 infra
362 3662 526 3733 recensebo,
549 3664 574 3721 si
588 3663 749 3720 accuratius
761 3660 933 3734 respexeris,
953 3657 1036 3716 facile
1053 3672 1165 3715 mecum

8 3742 181 3818 'consenties
201 3774 294 3831 paene
315 3759 424 3817 nullum
444 3766 560 3834 poetam
572 3761 702 3833 Augusto
724 3760 871 3834 aequalem
882 3759 982 3818 Ovidio
997 3756 1164 3814 similiorem

16 3872 80 3919 csse
102 3874 189 3930 qnam
209 3859 398 3932 Lygdamum.
