2580 4734
589 194 623 251 15

80 403 191 458 centem
207 400 272 453 arta
287 411 350 452 cum
363 391 478 452 Tibullo
491 395 697 454 consuetudine
708 397 890 454 coniunctum
901 393 988 455 fuisse
1007 397 1171 456 testimonio

79 517 86 556 r
109 497 279 560 clarissimo,
299 494 374 566 quod
395 497 491 552 exstat
510 495 541 552 iu
561 493 647 552 Trist.
668 494 717 553 lib.
738 495 778 554 IV
802 511 826 554 c.
852 500 888 556 10
906 513 931 553 v.
955 497 992 554 51
1015 511 1067 568 sq.:

579 626 642 711 'nec
663 671 775 712 omaro
800 648 920 741 Tibullo

284 761 401 832 tempua
423 747 581 812 amicitiae
595 747 674 832 fato
695 746 807 811 dedere
828 769 913 812 meae

79 923 115 976 to
138 932 193 975 non
215 916 364 972 evincitur.
406 911 511 985 Aqua
533 926 609 971 anuo
630 912 703 972 haec
724 914 897 973 consuetudo
918 914 1030 973 initium
1052 915 1171 990 ceperit,

79 1035 100 1075 m
128 1015 289 1074 accuratius
321 1013 467 1087 explorari
499 1016 633 1083 nequeat,
653 1012 889 1072 veridmillimum
918 1019 961 1073 est
992 1031 1055 1073 eam
1084 1015 1172 1088 paulo

79 1125 104 1175 te
124 1120 179 1174 iter
200 1114 237 1172 ab
260 1113 361 1173 Ouidio
375 1129 428 1184 per
442 1109 592 1170 Graeciam
606 1115 636 1168 et
649 1111 748 1170 Asiam
767 1113 909 1181 minorem
934 1111 1039 1173 factum
1059 1115 1172 1173 initium

79 1219 154 1286 pisse,
186 1229 254 1272 mox
284 1218 380 1270 tamen
413 1210 519 1269 Tibulli
548 1216 639 1269 morte
669 1196 855 1285 praematura
886 1230 947 1272 esse
974 1214 1172 1286 interceptam.

79 1317 121 1374 rod
141 1315 164 1372 si
185 1318 265 1372 recte
287 1313 406 1382 conieci,
429 1311 551 1385 epistola
571 1311 622 1370 illa
642 1308 704 1370 lero
725 1328 802 1371 anno
824 1329 851 1371 a.
874 1313 942 1373 Chr.
962 1314 1096 1373 uicesimo
1115 1329 1172 1372 uno

79 1420 106 1473 ta
125 1419 169 1473 est
191 1412 229 1472 ad
249 1414 364 1482 amicos,
388 1425 444 1484 quo
465 1409 543 1469 Naso
563 1411 620 1468 iter
639 1412 784 1484 ingressus
806 1419 858 1473 est.
891 1414 947 1485 Qui
966 1415 1095 1487 quamvis
1115 1413 1173 1471 iam
1231 1438 1235 1449 »

79 1521 121 1573 tea
154 1512 296 1571 Tibullum
325 1513 471 1584 cognitum
500 1509 631 1582 haberet,
653 1511 801 1572 inclinatio
827 1514 966 1586 quaedam
994 1515 1171 1573 voluntatum

79 1621 103 1672 st
124 1614 248 1672 recitata
268 1611 382 1669 demum
402 1610 539 1683 carmina,
562 1609 663 1683 quibus
687 1610 842 1672 Corinnam
869 1613 1025 1672 celebravit
1046 1612 1171 1683 Ouidius,

79 1717 105 1773 is
137 1715 243 1773 criticis
274 1727 385 1770 summa
415 1709 501 1769 laudo
529 1714 648 1782 accepta
668 1713 688 1768 i.
710 1727 735 1769 e.
755 1717 822 1784 post
844 1729 870 1771 a.
892 1714 931 1769 22
952 1712 1030 1772 facta
1060 1714 1174 1773 videtur
1205 1703 1207 1706 ⁴

79 1832 111 1872 re.
154 1813 268 1872 Ovidius
288 1818 385 1870 autem
405 1811 528 1873 Romam
549 1810 637 1868 rediit
657 1811 735 1869 circa
757 1827 783 1868 a.
810 1812 855 1882 18,
878 1827 934 1883 quo
953 1811 1066 1870 Tibullo
1081 1815 1173 1873 amico

79 1931 142 1972 cens
166 1919 277 1972 mortuo
299 1927 463 1985 supremum
478 1908 604 1969 officium
616 1908 810 1982 honoremque
825 1910 943 1971 daturus
956 1911 1174 1972 celeberrimum

79 2015 111 2072 ud
140 2029 254 2071 carmen
286 2008 408 2085 lugubre
436 2007 514 2083 (Am.
534 2009 587 2075 III,
612 2008 642 2072 9)
662 2010 786 2081 scripsit.
832 2009 902 2068 Cum
931 2012 961 2070 in
990 2014 1087 2073 multis
1109 2014 1173 2072 aliis

79 2130 99 2169 n
118 2113 148 2169 in
170 2118 269 2171 nostro
296 2111 425 2170 carmine
452 2115 566 2169 secutus
595 2114 639 2168 est
660 2109 744 2168 amici
765 2110 926 2182 exemplum
949 2112 1083 2172 Ovidius:
1106 2129 1173 2172 con·

79 2229 114 2270 as
136 2229 160 2269 v.
183 2214 238 2270 26:

234 2338 278 2401 Et
299 2336 435 2421 referam
455 2337 564 2420 praecia
586 2346 725 2420 temporo
742 2337 853 2420 prisca
873 2359 967 2402 aenea

79 2498 101 2538 m
122 2479 187 2540 Tib.
210 2480 234 2551 1,
259 2484 306 2552 10,
328 2482 384 2537 44:

239 2605 396 2691 Temporis
418 2618 446 2670 et
463 2607 563 2691 prisci
576 2605 674 2690 jacto
694 2603 814 2689 refem
831 2628 945 2672 aeaeae.

120 2750 190 2807 Alia
211 2765 301 2821 neque
322 2766 413 2822 aeque
434 2748 529 2807 ualida
548 2754 615 2808 suut
634 2753 805 2823 argumenta
827 2763 851 2806 e.
873 2766 900 2823 g.
922 2766 947 2806 v.
971 2751 989 2808 8
1013 2766 1053 2805 :
1074 2749 1138 2813 Tib.
1152 2753 1176 2821 I,

90 2851 129 2906 22
153 2854 183 2907 et
203 2865 229 2906 v.
251 2850 268 2904 7
289 2870 331 2898 =
354 2848 417 2908 Tib.
438 2849 462 2924 I,
484 2850 514 2923 2,
537 2848 586 2921 81;
608 2863 659 2906 eac
681 2849 757 2905 enim
779 2850 938 2908 sententiae
967 2851 1098 2910 omuibus
1119 2854 1176 2913 elc-

79 2965 153 3006 rrum
174 2949 264 3022 poetis
286 2964 448 3008 communes
469 2954 561 3007 erant.

123 3048 241 3108 Accedit
263 3050 338 3121 quod
358 3051 435 3109 inter
456 3048 552 3108 Ovidii
572 3048 678 3106 amicos
699 3053 762 3106 erat
783 3053 887 3119 poetae
910 3065 983 3107 uuus
1003 3067 1040 3108 ex
1061 3051 1176 3109 amicis·

79 3149 118 3205 nis
145 3147 186 3205 M.
207 3147 339 3207 Valerius
371 3147 509 3209 Messalla
539 3147 687 3218 Corvinus,
719 3146 921 3207 celeberrimus
942 3148 1000 3207 dux
1025 3152 1054 3206 et
1076 3154 1175 3208 orator

79 3249 304 3322 agantiorumque
338 3249 503 3308 litterarum
535 3247 610 3306 bene
640 3248 824 3320 intellegens,
858 3248 934 3320 quod
967 3247 1083 3306 Ouidius
1114 3250 1174 3323 ipse

79 3353 170 3418 tatur,
195 3363 257 3407 cum
278 3348 436 3408 Messalino
456 3347 614 3410 Messallae
635 3347 694 3407 filio
715 3346 823 3407 scribat
844 3346 958 3406 haec'iu
973 3363 1017 3420 ep.
1033 3363 1069 3406 ex
1090 3348 1175 3408 Pout.

85 3449 113 3523 7,
137 3449 178 3505 27
200 3464 258 3521 sq.:

236 3611 290 3653 aec
311 3601 382 3654 taos
402 3602 445 3654 eal
463 3590 587 3675 qeaitor
605 3612 660 3654 aoa
681 3589 833 3674 infitiator
853 3591 976 3670 amicos,

274 3689 413 3753 hortator
433 3688 530 3754 aladii
551 3712 706 3774 causaque
724 3688 847 3774 fucoque
867 3692 939 3756 mei.

122 3843 397 3904 Messallae-autem
417 3846 512 3905 villam
534 3842 621 3904 luisse
644 3846 674 3903 in
698 3861 768 3919 agro
789 3846 928 3906 Arretino
949 3864 1037 3921 prope
1058 3845 1173 3908 fluvium

80 3943 183 4003 endam
212 3945 296 4002 sitam
316 3945 401 4005 docet
422 3946 581 4018 epistolium
603 3944 746 4016 Sulpiciae
769 3944 847 4016 (Tib.
870 3945 911 4003 IV
932 3963 956 4004 c.
979 3945 1012 4016 8)
1034 3964 1060 4006 v.
1083 3948 1101 4004 3
1122 3965 1173 4020 sq.:

158 4066 294 4132 Daleiaa
315 4070 391 4135 arbe
412 4069 489 4157 qaid
508 4068 574 4133 eat?
596 4093 639 4132 aa
659 4068 735 4132 cilia
756 4070 797 4133 cit
818 4082 895 4156 opta
912 4071 1038 4157 paellae

241 4169 342 4256 Atque
362 4171 509 4234 Arretino
523 4167 670 4256 friqidaa
691 4169 793 4234 amam
814 4171 914 4255 cyro?
