2656 4716
473 672 608 764 Osrur
634 677 709 760 ΙΙΙ.

102 892 242 965 Quoniam
271 891 392 965 elegiam
420 890 489 950 libri
514 893 595 952 tertii
623 895 754 966 quintam
774 894 879 954 Ouidio
900 896 943 955 ita
963 896 1161 971 adeliubus,

10 998 49 1052 trt
69 991 269 1051 nonnullum
297 991 380 1050 nobis
408 997 559 1051 remaneat
586 992 784 1067 dubitationis,
805 996 865 1058 tam
887 997 1018 1068 quaestio
1039 999 1161 1073 exsistit,

10 1098 113 1152 utrum
134 1091 313 1164 reliquorum
334 1090 402 1149 libri
424 1092 504 1150 tertii
525 1094 685 1152 carminum
705 1099 807 1155 arctor
827 1110 889 1154 esse
917 1096 1010 1168 possit
1030 1097 1162 1157 Tibullus

10 1206 115 1252 necne.
160 1190 304 1264 Equidem
325 1206 409 1266 nego,
433 1191 548 1250 etiamsi
570 1194 633 1265 quis
654 1194 733 1254 dicat
752 1195 945 1255 adulescentis
967 1195 1073 1255 Tibulli
1100 1212 1162 1257 esse

10 1307 96 1365 opus.
139 1292 203 1350 Iam
223 1292 324 1364 quanti
345 1289 545 1351 aestimandae
566 1293 625 1352 sint
644 1293 755 1369 elegise
782 1295 858 1370 illae,
888 1295 966 1353 iuter
993 1310 1023 1353 se
1052 1295 1162 1355 dissen-

11 1395 98 1451 tiunt
118 1393 174 1451 viri
195 1391 282 1462 docti,
303 1407 369 1450 cum
396 1388 513 1450 difficile
539 1392 579 1450 sit
607 1397 688 1453 certa
712 1398 744 1452 et
771 1392 901 1453 omnibus
928 1409 1020 1467 aeque
1039 1394 1163 1467 probata

10 1494 88 1552 artis
106 1492 239 1566 poeticae
259 1496 417 1565 praecepta
438 1506 548 1564 ponere
571 1496 601 1552 et
621 1509 686 1553 cum
706 1493 742 1552 iis
762 1499 914 1567 poetarum
936 1509 1026 1568 opera
1046 1510 1161 1568 compa·

10 1608 98 1668 rare3
120 1597 199 1651 recte
227 1591 302 1650 enim
323 1587 426 1650 cicero
453 1592 484 1650 in
513 1590 594 1653 Orat.
616 1608 641 1651 c.
666 1596 715 1670 ll,
738 1594 795 1652 ὅθι
818 1593 863 1663 ‚In
884 1595 962 1653 omni
983 1591 1036 1667 re‘,
1058 1595 1161 1667 inquit,

10 1688 229 1767 ‚difficillimum
257 1695 303 1749 est
328 1688 467 1764 formam,
497 1693 546 1764 qni
581 1676 761 1770 χαρακτήρ
788 1690 898 1752 Graece
926 1693 1046 1765 dicitm,
1075 1710 1162 1768 expo-

11 1805 86 1851 nere
103 1789 225 1861 optimi.
237 1787 313 1861 quod
334 1786 413 1847 aliud
436 1789 501 1849 aliis
523 1788 638 1850 videtur
659 1791 809 1865 optimum.
852 1791 948 1852 Ennio
967 1793 1108 1869 delector,
1120 1794 1163 1853 eit

11 1891 171 1967 quispiam,
191 1888 268 1963 quod
286 1903 348 1947 non
368 1888 492 1950 discedit
512 1905 532 1949 a
552 1891 696 1949 communi
723 1904 804 1950 more
826 1890 996 1965 verbornm3
1026 1890 1161 1964 Pacuuio,

10 1990 110 2065 inquit
142 1989 232 2062 alios,
265 2002 365 2048 omnes
396 1988 472 2062 apud
500 1988 578 2049 bunc
607 1991 703 2049 ornati
731 1989 930 2063 elaboratique
957 1997 1025 2051 sunt
1053 2007 1162 2058 versus,

10 2091 108 2161 mdia
132 2088 209 2162 apud
233 2089 359 2149 alterum
385 2088 601 2164 neglegentium
631 2088 678 2150 iac
712 2090 801 2150 alium
830 2090 936 2149 Accio:
964 2091 1054 2151 Varia
1087 2092 1162 2151 enim

10 2188 85 2250 munt
105 2188 222 2261 indicia,
244 2189 329 2249 utin
353 2187 483 2266 Graecis,
505 2206 560 2250 nec
579 2187 675 2250 facilis
696 2190 861 2264 explicatio,
882 2205 956 2262 quae
977 2187 1074 2251 iorma
1101 2205 1161 2249 ma-

10 2280 91 2357 jsxirne
111 2272 259 2349 mcellat!

10 2438 13 2443 .
96 2391 199 2463 Itaque
221 2387 305 2456 Voss,
332 2389 378 2448 cui
405 2390 489 2461 poesi
517 2387 669 2449 subactum
697 2388 836 2448 iudicium
866 2388 994 2449 tribuere
1022 2391 1162 2464 cogimur,

11 2504 83 2573 ..cam
102 2487 315 2562 pseneomnla
335 2487 490 2561 vituperet,
503 2487 798 2563 -perpsncalaudat3
820 2503 873 2548 nec
895 2488 991 2548 minus
1017 2489 1164 2555 inuehitur

10 2586 50 2649 lin
73 2593 255 2664 poetastrum
281 2587 462 2660 Eicbstaedt‚
486 2589 536 2661 qui
563 2587 608 2647 bis
637 2588 730 2647 utitur
750 2586 861 2647 verbis:
904 2585 1051 2661 ,Quisquis
1076 2586 1164 2648 luerit

10 2693 128 2763 tenear,
149 2691 260 2764 exigua
275 2689 304 2748 ei
323 2686 379 2748 init
399 2689 508 2764 ingenii
536 2688 599 2761 dos,
620 2688 717 2747 minor
740 2686 849 2760 iudicii,
873 2687 989 2748 dicendi
1009 2692 1108 2749 autem
1129 2704 1164 2747 ea

10 2784 151 2862 vindmia,
170 2804 229 2861 qua
248 2783 313 2847 fere
333 2786 469 2848 laborare
483 2787 613 2848 uidemus
634 2788 754 2860 tirones,
777 2787 828 2861 qui
855 2787 1051 2860 exemplorum
1078 2804 1163 2863 prae-

10 2890 131 2949 osenna
157 2888 237 2955 moti,
269 2889 381 2962 optima
400 2888 516 2961 quidem
536 2893 705 2960 sequuntur,
725 2888 778 2947 sed
798 2902 852 2959 per
871 2887 975 2947 uirium
996 2888 1165 2947 tenuitatem

10 3001 80 3059 cnon
108 2986 316 3063 mseqauntor‘.
359 2986 468 3047 Oontra
488 2987 619 3061 (trappe,
641 2986 690 3059 qni
716 3001 775 3046 non
795 2987 890 3045 minus
909 2986 940 3047 in
960 2985 1015 3045 hac
1035 3002 1068 3045 re
1088 2986 1163 3045 indi·

10 3082 96 3167 laium
116 3085 213 3164 babet,
236 3087 336 3162 elegiis
356 3087 414 3146 illis
435 3087 624 3147 mdfidosum
646 3086 788 3146 contineri
809 3100 882 3158 opus
904 3087 990 3156 putat
1018 3090 1048 3143 et
1073 3085 1163 3154 multa

10 3170 103 3273 llmde
124 3186 241 3262 dignm
262 3203 297 3246 ac
317 3188 469 3262 permagni
490 3183 709 3247 aestimandum.

10 3276 15 3323 ἵ
100 3285 210 3346 Teuffel
236 3292 334 3346 autem
360 3302 425 3345 cum
449 3287 480 3344 in
509 3285 621 3359 sylloge
643 3299 717 3357 quae
743 3282 911 3343 inscribitur
932 3281 1057 3356 ,Pauly’s
1076 3282 1163 3343 Real·

30 3385 238 3459 encydopaedie
265 3384 317 3445 des
346 3384 526 3445 blassisohen
552 3381 743 3463 Altertbums‘
765 3381 815 3459 VI,
844 3383 863 3440 2
893 3399 922 3455 p.
947 3382 1027 3442 1950
1056 3377 1164 3457 (1852)

32 3478 90 3544 laec
110 3484 279 3558 scripserit:
323 3481 389 3556 ,Die
410 3482 518 3543 Arbeit
538 3483 638 3545 maobt
659 3483 723 3543 dem
744 3483 897 3544 Verfasser
923 3482 1015 3542 durch
1043 3482 1163 3543 Frische

94 3582 213 3659 Wdrme
235 3583 287 3642 der
307 3581 505 3658 Empfindung
525 3584 585 3645 und
605 3582 772 3655 anmuthige
792 3582 990 3657 Leicbtiglreit
1011 3582 1061 3641 des
1075 3582 1161 3641 Vers-

117 3666 206 3760 ¹locine
234 3681 386 3751 bobonis,
407 3683 500 3743 multo
530 3685 657 3744 severius
684 3682 795 3742 indicat
815 3683 851 3741 de
872 3685 961 3756 poeta
981 3682 1012 3740 in
1034 3679 1162 3771 ,Studien

35 3838 40 3849 ,
104 3770 383 3853 Obarakteristiken‘
413 3801 442 3857 p.
464 3783 525 3842 378
551 3799 612 3857 sqq.
655 3781 696 3842 Et
723 3782 784 3855 ipse
812 3780 986 3859 Bernhardy
1014 3781 1044 3838 in
1072 3778 1162 3845 litter.

29 3874 100 3941 Rom.
119 3882 187 3942 hist.
208 3888 313 3956 poetae
333 3883 450 3943 videtur
469 3880 577 3942 favere.

100 3980 231 4053 Quodsi
252 3981 369 4055 elegias,
391 3982 427 4043 de
451 3980 553 4055 quibus
574 3982 678 4055 egitur,
700 3988 836 4041 accurate
858 3981 1024 4056 perlegeris,
1046 3986 1162 4053 poetam

30 4090 80 4139 ttae
99 4097 193 4154 paene
214 4081 428 4143 adulescentem
451 4087 482 4142 et
502 4082 552 4154 qui
572 4082 620 4140 vix
641 4080 730 4142 labris
750 4079 924 4155 primoribus
945 4083 1038 4139 artem
1069 4078 1162 4150 poeti-

23 4190 81 4257 ,am
101 4182 241 4255 tetigerit,
264 4181 348 4243 facile
369 4179 520 4242 nobiscum
541 4182 711 4247 consenties,
733 4180 786 4238 tali
810 4186 907 4239 temen
932 4179 1049 4253 ingenio
1077 4193 1162 4250 prae-

998 4277 1013 4323 s
1045 4316 1048 4321 .
